%YAML 1.1
%TAG !u! tag:unity3d.com,2011:
--- !u!1 &1569506611814688
GameObject:
  m_ObjectHideFlags: 0
  m_CorrespondingSourceObject: {fileID: 0}
  m_PrefabInstance: {fileID: 0}
  m_PrefabAsset: {fileID: 0}
  serializedVersion: 6
  m_Component:
  - component: {fileID: 4710971383091664}
  - component: {fileID: 114658555182137490}
  m_Layer: 0
  m_Name: Level17_2
  m_TagString: Untagged
  m_Icon: {fileID: 0}
  m_NavMeshLayer: 0
  m_StaticEditorFlags: 0
  m_IsActive: 1
--- !u!4 &4710971383091664
Transform:
  m_ObjectHideFlags: 0
  m_CorrespondingSourceObject: {fileID: 0}
  m_PrefabInstance: {fileID: 0}
  m_PrefabAsset: {fileID: 0}
  m_GameObject: {fileID: 1569506611814688}
  m_LocalRotation: {x: -0, y: -0, z: -0, w: 1}
  m_LocalPosition: {x: 20, y: 0, z: 0}
  m_LocalScale: {x: 1, y: 1, z: 1}
  m_ConstrainProportionsScale: 0
  m_Children:
  - {fileID: 4551972304360292}
  - {fileID: 375121301675662090}
  - {fileID: 309519130507023779}
  - {fileID: 5099006996625350967}
  m_Father: {fileID: 0}
  m_RootOrder: 0
  m_LocalEulerAnglesHint: {x: 0, y: 0, z: 0}
--- !u!114 &114658555182137490
MonoBehaviour:
  m_ObjectHideFlags: 0
  m_CorrespondingSourceObject: {fileID: 0}
  m_PrefabInstance: {fileID: 0}
  m_PrefabAsset: {fileID: 0}
  m_GameObject: {fileID: 1569506611814688}
  m_Enabled: 1
  m_EditorHideFlags: 0
  m_Script: {fileID: 11500000, guid: 29f7adea44f768b41a14032f50a3d1fc, type: 3}
  m_Name: 
  m_EditorClassIdentifier: 
  _transform: {fileID: 0}
  blocksGroup: {fileID: 4551972304360292}
  trapsGroup: {fileID: 375121301675662090}
  foodGroup: {fileID: 309519130507023779}
  foodNum: 1
--- !u!1 &1766172641249966
GameObject:
  m_ObjectHideFlags: 0
  m_CorrespondingSourceObject: {fileID: 0}
  m_PrefabInstance: {fileID: 0}
  m_PrefabAsset: {fileID: 0}
  serializedVersion: 6
  m_Component:
  - component: {fileID: 4551972304360292}
  m_Layer: 0
  m_Name: Blocks
  m_TagString: Untagged
  m_Icon: {fileID: 0}
  m_NavMeshLayer: 0
  m_StaticEditorFlags: 0
  m_IsActive: 1
--- !u!4 &4551972304360292
Transform:
  m_ObjectHideFlags: 0
  m_CorrespondingSourceObject: {fileID: 0}
  m_PrefabInstance: {fileID: 0}
  m_PrefabAsset: {fileID: 0}
  m_GameObject: {fileID: 1766172641249966}
  m_LocalRotation: {x: 0, y: 0, z: 0, w: 1}
  m_LocalPosition: {x: 0, y: 0, z: 0}
  m_LocalScale: {x: 1, y: 1, z: 1}
  m_ConstrainProportionsScale: 0
  m_Children:
  - {fileID: 7925795409343479635}
  - {fileID: 3474127290335675712}
  - {fileID: 8882999420902662680}
  - {fileID: 4283771678016838634}
  - {fileID: 3590021344254313444}
  - {fileID: 4901151791071470628}
  - {fileID: 1921094481945568797}
  m_Father: {fileID: 4710971383091664}
  m_RootOrder: 0
  m_LocalEulerAnglesHint: {x: 0, y: 0, z: 0}
--- !u!1 &3570194908859526059
GameObject:
  m_ObjectHideFlags: 0
  m_CorrespondingSourceObject: {fileID: 0}
  m_PrefabInstance: {fileID: 0}
  m_PrefabAsset: {fileID: 0}
  serializedVersion: 6
  m_Component:
  - component: {fileID: 375121301675662090}
  m_Layer: 0
  m_Name: Traps
  m_TagString: Untagged
  m_Icon: {fileID: 0}
  m_NavMeshLayer: 0
  m_StaticEditorFlags: 0
  m_IsActive: 1
--- !u!4 &375121301675662090
Transform:
  m_ObjectHideFlags: 0
  m_CorrespondingSourceObject: {fileID: 0}
  m_PrefabInstance: {fileID: 0}
  m_PrefabAsset: {fileID: 0}
  m_GameObject: {fileID: 3570194908859526059}
  m_LocalRotation: {x: 0, y: 0, z: 0, w: 1}
  m_LocalPosition: {x: 0, y: 0, z: 0}
  m_LocalScale: {x: 1, y: 1, z: 1}
  m_ConstrainProportionsScale: 0
  m_Children:
  - {fileID: 3754087820339352424}
  - {fileID: 42544204906337978}
  - {fileID: 13679038661265646}
  - {fileID: 9095928806493059731}
  - {fileID: 2454004436463848676}
  - {fileID: 7776355619819282599}
  m_Father: {fileID: 4710971383091664}
  m_RootOrder: 1
  m_LocalEulerAnglesHint: {x: 0, y: 0, z: 0}
--- !u!1 &6290604779984084504
GameObject:
  m_ObjectHideFlags: 0
  m_CorrespondingSourceObject: {fileID: 0}
  m_PrefabInstance: {fileID: 0}
  m_PrefabAsset: {fileID: 0}
  serializedVersion: 6
  m_Component:
  - component: {fileID: 309519130507023779}
  m_Layer: 0
  m_Name: Food
  m_TagString: Untagged
  m_Icon: {fileID: 0}
  m_NavMeshLayer: 0
  m_StaticEditorFlags: 0
  m_IsActive: 1
--- !u!4 &309519130507023779
Transform:
  m_ObjectHideFlags: 0
  m_CorrespondingSourceObject: {fileID: 0}
  m_PrefabInstance: {fileID: 0}
  m_PrefabAsset: {fileID: 0}
  m_GameObject: {fileID: 6290604779984084504}
  m_LocalRotation: {x: -0, y: -0, z: -0, w: 1}
  m_LocalPosition: {x: 0, y: 0, z: 0}
  m_LocalScale: {x: 1, y: 1, z: 1}
  m_ConstrainProportionsScale: 0
  m_Children:
  - {fileID: 1640955592080312716}
  m_Father: {fileID: 4710971383091664}
  m_RootOrder: 2
  m_LocalEulerAnglesHint: {x: 0, y: 0, z: 0}
--- !u!1 &6406461057016276803
GameObject:
  m_ObjectHideFlags: 0
  m_CorrespondingSourceObject: {fileID: 0}
  m_PrefabInstance: {fileID: 0}
  m_PrefabAsset: {fileID: 0}
  serializedVersion: 6
  m_Component:
  - component: {fileID: 1640955592080312716}
  m_Layer: 0
  m_Name: FoodPos
  m_TagString: Untagged
  m_Icon: {fileID: 2488908585195742037, guid: 0000000000000000d000000000000000, type: 0}
  m_NavMeshLayer: 0
  m_StaticEditorFlags: 0
  m_IsActive: 1
--- !u!4 &1640955592080312716
Transform:
  m_ObjectHideFlags: 0
  m_CorrespondingSourceObject: {fileID: 0}
  m_PrefabInstance: {fileID: 0}
  m_PrefabAsset: {fileID: 0}
  m_GameObject: {fileID: 6406461057016276803}
  m_LocalRotation: {x: 0, y: 0, z: 0, w: 1}
  m_LocalPosition: {x: 38.64, y: 6.74, z: 0}
  m_LocalScale: {x: 1, y: 1, z: 1}
  m_ConstrainProportionsScale: 0
  m_Children: []
  m_Father: {fileID: 309519130507023779}
  m_RootOrder: 1
  m_LocalEulerAnglesHint: {x: 0, y: 0, z: 0}
--- !u!1001 &488168151413142869
PrefabInstance:
  m_ObjectHideFlags: 0
  serializedVersion: 2
  m_Modification:
    serializedVersion: 3
    m_TransformParent: {fileID: 375121301675662090}
    m_Modifications:
    - target: {fileID: 4248656609890869170, guid: 5036c9e76c561ae49ae7097a6b8d2d7a,
        type: 3}
      propertyPath: m_IsActive
      value: 0
      objectReference: {fileID: 0}
    - target: {fileID: 8718240272869314502, guid: 5036c9e76c561ae49ae7097a6b8d2d7a,
        type: 3}
      propertyPath: m_RootOrder
      value: 0
      objectReference: {fileID: 0}
    - target: {fileID: 8718240272869314502, guid: 5036c9e76c561ae49ae7097a6b8d2d7a,
        type: 3}
      propertyPath: m_LocalPosition.x
      value: 27.9
      objectReference: {fileID: 0}
    - target: {fileID: 8718240272869314502, guid: 5036c9e76c561ae49ae7097a6b8d2d7a,
        type: 3}
      propertyPath: m_LocalPosition.y
      value: 1.55
      objectReference: {fileID: 0}
    - target: {fileID: 8718240272869314502, guid: 5036c9e76c561ae49ae7097a6b8d2d7a,
        type: 3}
      propertyPath: m_LocalPosition.z
      value: 0
      objectReference: {fileID: 0}
    - target: {fileID: 8718240272869314502, guid: 5036c9e76c561ae49ae7097a6b8d2d7a,
        type: 3}
      propertyPath: m_LocalRotation.w
      value: 1
      objectReference: {fileID: 0}
    - target: {fileID: 8718240272869314502, guid: 5036c9e76c561ae49ae7097a6b8d2d7a,
        type: 3}
      propertyPath: m_LocalRotation.x
      value: 0
      objectReference: {fileID: 0}
    - target: {fileID: 8718240272869314502, guid: 5036c9e76c561ae49ae7097a6b8d2d7a,
        type: 3}
      propertyPath: m_LocalRotation.y
      value: 0
      objectReference: {fileID: 0}
    - target: {fileID: 8718240272869314502, guid: 5036c9e76c561ae49ae7097a6b8d2d7a,
        type: 3}
      propertyPath: m_LocalRotation.z
      value: 0
      objectReference: {fileID: 0}
    - target: {fileID: 8718240272869314502, guid: 5036c9e76c561ae49ae7097a6b8d2d7a,
        type: 3}
      propertyPath: m_LocalEulerAnglesHint.x
      value: 0
      objectReference: {fileID: 0}
    - target: {fileID: 8718240272869314502, guid: 5036c9e76c561ae49ae7097a6b8d2d7a,
        type: 3}
      propertyPath: m_LocalEulerAnglesHint.y
      value: 0
      objectReference: {fileID: 0}
    - target: {fileID: 8718240272869314502, guid: 5036c9e76c561ae49ae7097a6b8d2d7a,
        type: 3}
      propertyPath: m_LocalEulerAnglesHint.z
      value: 0
      objectReference: {fileID: 0}
    - target: {fileID: 8718240272869314503, guid: 5036c9e76c561ae49ae7097a6b8d2d7a,
        type: 3}
      propertyPath: m_Name
      value: StingCircle (3)
      objectReference: {fileID: 0}
    m_RemovedComponents: []
    m_RemovedGameObjects: []
    m_AddedGameObjects: []
    m_AddedComponents: []
  m_SourcePrefab: {fileID: 100100000, guid: 5036c9e76c561ae49ae7097a6b8d2d7a, type: 3}
--- !u!4 &9095928806493059731 stripped
Transform:
  m_CorrespondingSourceObject: {fileID: 8718240272869314502, guid: 5036c9e76c561ae49ae7097a6b8d2d7a,
    type: 3}
  m_PrefabInstance: {fileID: 488168151413142869}
  m_PrefabAsset: {fileID: 0}
--- !u!1001 &1375360860843781985
PrefabInstance:
  m_ObjectHideFlags: 0
  serializedVersion: 2
  m_Modification:
    serializedVersion: 3
    m_TransformParent: {fileID: 375121301675662090}
    m_Modifications:
    - target: {fileID: 4248656609890869170, guid: 5036c9e76c561ae49ae7097a6b8d2d7a,
        type: 3}
      propertyPath: m_IsActive
      value: 0
      objectReference: {fileID: 0}
    - target: {fileID: 8718240272869314502, guid: 5036c9e76c561ae49ae7097a6b8d2d7a,
        type: 3}
      propertyPath: m_RootOrder
      value: 0
      objectReference: {fileID: 0}
    - target: {fileID: 8718240272869314502, guid: 5036c9e76c561ae49ae7097a6b8d2d7a,
        type: 3}
      propertyPath: m_LocalPosition.x
      value: 46.06
      objectReference: {fileID: 0}
    - target: {fileID: 8718240272869314502, guid: 5036c9e76c561ae49ae7097a6b8d2d7a,
        type: 3}
      propertyPath: m_LocalPosition.y
      value: 1.97
      objectReference: {fileID: 0}
    - target: {fileID: 8718240272869314502, guid: 5036c9e76c561ae49ae7097a6b8d2d7a,
        type: 3}
      propertyPath: m_LocalPosition.z
      value: 0
      objectReference: {fileID: 0}
    - target: {fileID: 8718240272869314502, guid: 5036c9e76c561ae49ae7097a6b8d2d7a,
        type: 3}
      propertyPath: m_LocalRotation.w
      value: 1
      objectReference: {fileID: 0}
    - target: {fileID: 8718240272869314502, guid: 5036c9e76c561ae49ae7097a6b8d2d7a,
        type: 3}
      propertyPath: m_LocalRotation.x
      value: 0
      objectReference: {fileID: 0}
    - target: {fileID: 8718240272869314502, guid: 5036c9e76c561ae49ae7097a6b8d2d7a,
        type: 3}
      propertyPath: m_LocalRotation.y
      value: 0
      objectReference: {fileID: 0}
    - target: {fileID: 8718240272869314502, guid: 5036c9e76c561ae49ae7097a6b8d2d7a,
        type: 3}
      propertyPath: m_LocalRotation.z
      value: 0
      objectReference: {fileID: 0}
    - target: {fileID: 8718240272869314502, guid: 5036c9e76c561ae49ae7097a6b8d2d7a,
        type: 3}
      propertyPath: m_LocalEulerAnglesHint.x
      value: 0
      objectReference: {fileID: 0}
    - target: {fileID: 8718240272869314502, guid: 5036c9e76c561ae49ae7097a6b8d2d7a,
        type: 3}
      propertyPath: m_LocalEulerAnglesHint.y
      value: 0
      objectReference: {fileID: 0}
    - target: {fileID: 8718240272869314502, guid: 5036c9e76c561ae49ae7097a6b8d2d7a,
        type: 3}
      propertyPath: m_LocalEulerAnglesHint.z
      value: 0
      objectReference: {fileID: 0}
    - target: {fileID: 8718240272869314503, guid: 5036c9e76c561ae49ae7097a6b8d2d7a,
        type: 3}
      propertyPath: m_Name
      value: StingCircle (5)
      objectReference: {fileID: 0}
    - target: {fileID: 8718240273795574392, guid: 5036c9e76c561ae49ae7097a6b8d2d7a,
        type: 3}
      propertyPath: m_LocalScale.x
      value: 1.1
      objectReference: {fileID: 0}
    - target: {fileID: 8718240273795574392, guid: 5036c9e76c561ae49ae7097a6b8d2d7a,
        type: 3}
      propertyPath: m_LocalScale.y
      value: 1.1
      objectReference: {fileID: 0}
    m_RemovedComponents: []
    m_RemovedGameObjects: []
    m_AddedGameObjects: []
    m_AddedComponents: []
  m_SourcePrefab: {fileID: 100100000, guid: 5036c9e76c561ae49ae7097a6b8d2d7a, type: 3}
--- !u!4 &7776355619819282599 stripped
Transform:
  m_CorrespondingSourceObject: {fileID: 8718240272869314502, guid: 5036c9e76c561ae49ae7097a6b8d2d7a,
    type: 3}
  m_PrefabInstance: {fileID: 1375360860843781985}
  m_PrefabAsset: {fileID: 0}
--- !u!1001 &1925371734146516603
PrefabInstance:
  m_ObjectHideFlags: 0
  serializedVersion: 2
  m_Modification:
    serializedVersion: 3
    m_TransformParent: {fileID: 4551972304360292}
    m_Modifications:
    - target: {fileID: 1485244063864546, guid: 093d95d5ada1e404fa2e665e45b3c692, type: 3}
      propertyPath: m_Name
      value: Block (4)
      objectReference: {fileID: 0}
    - target: {fileID: 4875392971546726, guid: 093d95d5ada1e404fa2e665e45b3c692, type: 3}
      propertyPath: m_RootOrder
      value: 5
      objectReference: {fileID: 0}
    - target: {fileID: 4875392971546726, guid: 093d95d5ada1e404fa2e665e45b3c692, type: 3}
      propertyPath: m_LocalPosition.x
      value: 36.12
      objectReference: {fileID: 0}
    - target: {fileID: 4875392971546726, guid: 093d95d5ada1e404fa2e665e45b3c692, type: 3}
      propertyPath: m_LocalPosition.y
      value: -1.93
      objectReference: {fileID: 0}
    - target: {fileID: 4875392971546726, guid: 093d95d5ada1e404fa2e665e45b3c692, type: 3}
      propertyPath: m_LocalPosition.z
      value: 0
      objectReference: {fileID: 0}
    - target: {fileID: 4875392971546726, guid: 093d95d5ada1e404fa2e665e45b3c692, type: 3}
      propertyPath: m_LocalRotation.w
      value: 1
      objectReference: {fileID: 0}
    - target: {fileID: 4875392971546726, guid: 093d95d5ada1e404fa2e665e45b3c692, type: 3}
      propertyPath: m_LocalRotation.x
      value: -0
      objectReference: {fileID: 0}
    - target: {fileID: 4875392971546726, guid: 093d95d5ada1e404fa2e665e45b3c692, type: 3}
      propertyPath: m_LocalRotation.y
      value: -0
      objectReference: {fileID: 0}
    - target: {fileID: 4875392971546726, guid: 093d95d5ada1e404fa2e665e45b3c692, type: 3}
      propertyPath: m_LocalRotation.z
      value: -0
      objectReference: {fileID: 0}
    - target: {fileID: 4875392971546726, guid: 093d95d5ada1e404fa2e665e45b3c692, type: 3}
      propertyPath: m_LocalEulerAnglesHint.x
      value: 0
      objectReference: {fileID: 0}
    - target: {fileID: 4875392971546726, guid: 093d95d5ada1e404fa2e665e45b3c692, type: 3}
      propertyPath: m_LocalEulerAnglesHint.y
      value: 0
      objectReference: {fileID: 0}
    - target: {fileID: 4875392971546726, guid: 093d95d5ada1e404fa2e665e45b3c692, type: 3}
      propertyPath: m_LocalEulerAnglesHint.z
      value: 0
      objectReference: {fileID: 0}
    - target: {fileID: 3013195103163533777, guid: 093d95d5ada1e404fa2e665e45b3c692,
        type: 3}
      propertyPath: m_LocalScale.x
      value: 0.8
      objectReference: {fileID: 0}
    m_RemovedComponents: []
    m_RemovedGameObjects: []
    m_AddedGameObjects: []
    m_AddedComponents: []
  m_SourcePrefab: {fileID: 100100000, guid: 093d95d5ada1e404fa2e665e45b3c692, type: 3}
--- !u!4 &1921094481945568797 stripped
Transform:
  m_CorrespondingSourceObject: {fileID: 4875392971546726, guid: 093d95d5ada1e404fa2e665e45b3c692,
    type: 3}
  m_PrefabInstance: {fileID: 1925371734146516603}
  m_PrefabAsset: {fileID: 0}
--- !u!1001 &3469560729134236824
PrefabInstance:
  m_ObjectHideFlags: 0
  serializedVersion: 2
  m_Modification:
    serializedVersion: 3
    m_TransformParent: {fileID: 4551972304360292}
    m_Modifications:
    - target: {fileID: 1214162638093782, guid: 5b3590772f8076e448cfdbbee61c0c94, type: 3}
      propertyPath: m_Name
      value: MovingBlock (1)
      objectReference: {fileID: 0}
    - target: {fileID: 4403225247367506, guid: 5b3590772f8076e448cfdbbee61c0c94, type: 3}
      propertyPath: m_LocalPosition.y
      value: -4.33
      objectReference: {fileID: 0}
    - target: {fileID: 4731494455296472, guid: 5b3590772f8076e448cfdbbee61c0c94, type: 3}
      propertyPath: m_RootOrder
      value: 1
      objectReference: {fileID: 0}
    - target: {fileID: 4731494455296472, guid: 5b3590772f8076e448cfdbbee61c0c94, type: 3}
      propertyPath: m_LocalPosition.x
      value: 30.6
      objectReference: {fileID: 0}
    - target: {fileID: 4731494455296472, guid: 5b3590772f8076e448cfdbbee61c0c94, type: 3}
      propertyPath: m_LocalPosition.y
      value: 3.52
      objectReference: {fileID: 0}
    - target: {fileID: 4731494455296472, guid: 5b3590772f8076e448cfdbbee61c0c94, type: 3}
      propertyPath: m_LocalPosition.z
      value: 0
      objectReference: {fileID: 0}
    - target: {fileID: 4731494455296472, guid: 5b3590772f8076e448cfdbbee61c0c94, type: 3}
      propertyPath: m_LocalRotation.w
      value: 1
      objectReference: {fileID: 0}
    - target: {fileID: 4731494455296472, guid: 5b3590772f8076e448cfdbbee61c0c94, type: 3}
      propertyPath: m_LocalRotation.x
      value: -0
      objectReference: {fileID: 0}
    - target: {fileID: 4731494455296472, guid: 5b3590772f8076e448cfdbbee61c0c94, type: 3}
      propertyPath: m_LocalRotation.y
      value: -0
      objectReference: {fileID: 0}
    - target: {fileID: 4731494455296472, guid: 5b3590772f8076e448cfdbbee61c0c94, type: 3}
      propertyPath: m_LocalRotation.z
      value: -0
      objectReference: {fileID: 0}
    - target: {fileID: 4731494455296472, guid: 5b3590772f8076e448cfdbbee61c0c94, type: 3}
      propertyPath: m_LocalEulerAnglesHint.x
      value: 0
      objectReference: {fileID: 0}
    - target: {fileID: 4731494455296472, guid: 5b3590772f8076e448cfdbbee61c0c94, type: 3}
      propertyPath: m_LocalEulerAnglesHint.y
      value: 0
      objectReference: {fileID: 0}
    - target: {fileID: 4731494455296472, guid: 5b3590772f8076e448cfdbbee61c0c94, type: 3}
      propertyPath: m_LocalEulerAnglesHint.z
      value: 0
      objectReference: {fileID: 0}
    - target: {fileID: 114761444031487610, guid: 5b3590772f8076e448cfdbbee61c0c94,
        type: 3}
      propertyPath: speed
      value: 4
      objectReference: {fileID: 0}
    - target: {fileID: 9062822208647474394, guid: 5b3590772f8076e448cfdbbee61c0c94,
        type: 3}
      propertyPath: m_LocalScale.x
      value: 0.6
      objectReference: {fileID: 0}
    m_RemovedComponents: []
    m_RemovedGameObjects: []
    m_AddedGameObjects: []
    m_AddedComponents: []
  m_SourcePrefab: {fileID: 100100000, guid: 5b3590772f8076e448cfdbbee61c0c94, type: 3}
--- !u!4 &3474127290335675712 stripped
Transform:
  m_CorrespondingSourceObject: {fileID: 4731494455296472, guid: 5b3590772f8076e448cfdbbee61c0c94,
    type: 3}
  m_PrefabInstance: {fileID: 3469560729134236824}
  m_PrefabAsset: {fileID: 0}
--- !u!1001 &3585713304723317634
PrefabInstance:
  m_ObjectHideFlags: 0
  serializedVersion: 2
  m_Modification:
    serializedVersion: 3
    m_TransformParent: {fileID: 4551972304360292}
    m_Modifications:
    - target: {fileID: 1485244063864546, guid: 093d95d5ada1e404fa2e665e45b3c692, type: 3}
      propertyPath: m_Name
      value: Block (2)
      objectReference: {fileID: 0}
    - target: {fileID: 4875392971546726, guid: 093d95d5ada1e404fa2e665e45b3c692, type: 3}
      propertyPath: m_RootOrder
      value: 5
      objectReference: {fileID: 0}
    - target: {fileID: 4875392971546726, guid: 093d95d5ada1e404fa2e665e45b3c692, type: 3}
      propertyPath: m_LocalPosition.x
      value: 36.79
      objectReference: {fileID: 0}
    - target: {fileID: 4875392971546726, guid: 093d95d5ada1e404fa2e665e45b3c692, type: 3}
      propertyPath: m_LocalPosition.y
      value: 4.47
      objectReference: {fileID: 0}
    - target: {fileID: 4875392971546726, guid: 093d95d5ada1e404fa2e665e45b3c692, type: 3}
      propertyPath: m_LocalPosition.z
      value: 0
      objectReference: {fileID: 0}
    - target: {fileID: 4875392971546726, guid: 093d95d5ada1e404fa2e665e45b3c692, type: 3}
      propertyPath: m_LocalRotation.w
      value: 1
      objectReference: {fileID: 0}
    - target: {fileID: 4875392971546726, guid: 093d95d5ada1e404fa2e665e45b3c692, type: 3}
      propertyPath: m_LocalRotation.x
      value: -0
      objectReference: {fileID: 0}
    - target: {fileID: 4875392971546726, guid: 093d95d5ada1e404fa2e665e45b3c692, type: 3}
      propertyPath: m_LocalRotation.y
      value: -0
      objectReference: {fileID: 0}
    - target: {fileID: 4875392971546726, guid: 093d95d5ada1e404fa2e665e45b3c692, type: 3}
      propertyPath: m_LocalRotation.z
      value: -0
      objectReference: {fileID: 0}
    - target: {fileID: 4875392971546726, guid: 093d95d5ada1e404fa2e665e45b3c692, type: 3}
      propertyPath: m_LocalEulerAnglesHint.x
      value: 0
      objectReference: {fileID: 0}
    - target: {fileID: 4875392971546726, guid: 093d95d5ada1e404fa2e665e45b3c692, type: 3}
      propertyPath: m_LocalEulerAnglesHint.y
      value: 0
      objectReference: {fileID: 0}
    - target: {fileID: 4875392971546726, guid: 093d95d5ada1e404fa2e665e45b3c692, type: 3}
      propertyPath: m_LocalEulerAnglesHint.z
      value: 0
      objectReference: {fileID: 0}
    - target: {fileID: 3013195103163533777, guid: 093d95d5ada1e404fa2e665e45b3c692,
        type: 3}
      propertyPath: m_LocalScale.x
      value: 0.8
      objectReference: {fileID: 0}
    m_RemovedComponents: []
    m_RemovedGameObjects: []
    m_AddedGameObjects: []
    m_AddedComponents: []
  m_SourcePrefab: {fileID: 100100000, guid: 093d95d5ada1e404fa2e665e45b3c692, type: 3}
--- !u!4 &3590021344254313444 stripped
Transform:
  m_CorrespondingSourceObject: {fileID: 4875392971546726, guid: 093d95d5ada1e404fa2e665e45b3c692,
    type: 3}
  m_PrefabInstance: {fileID: 3585713304723317634}
  m_PrefabAsset: {fileID: 0}
--- !u!1001 &4279072214426794892
PrefabInstance:
  m_ObjectHideFlags: 0
  serializedVersion: 2
  m_Modification:
    serializedVersion: 3
    m_TransformParent: {fileID: 4551972304360292}
    m_Modifications:
    - target: {fileID: 1485244063864546, guid: 093d95d5ada1e404fa2e665e45b3c692, type: 3}
      propertyPath: m_Name
      value: Block (1)
      objectReference: {fileID: 0}
    - target: {fileID: 4875392971546726, guid: 093d95d5ada1e404fa2e665e45b3c692, type: 3}
      propertyPath: m_RootOrder
      value: 4
      objectReference: {fileID: 0}
    - target: {fileID: 4875392971546726, guid: 093d95d5ada1e404fa2e665e45b3c692, type: 3}
      propertyPath: m_LocalPosition.x
      value: 23.22
      objectReference: {fileID: 0}
    - target: {fileID: 4875392971546726, guid: 093d95d5ada1e404fa2e665e45b3c692, type: 3}
      propertyPath: m_LocalPosition.y
      value: 0.35
      objectReference: {fileID: 0}
    - target: {fileID: 4875392971546726, guid: 093d95d5ada1e404fa2e665e45b3c692, type: 3}
      propertyPath: m_LocalPosition.z
      value: 0
      objectReference: {fileID: 0}
    - target: {fileID: 4875392971546726, guid: 093d95d5ada1e404fa2e665e45b3c692, type: 3}
      propertyPath: m_LocalRotation.w
      value: 1
      objectReference: {fileID: 0}
    - target: {fileID: 4875392971546726, guid: 093d95d5ada1e404fa2e665e45b3c692, type: 3}
      propertyPath: m_LocalRotation.x
      value: -0
      objectReference: {fileID: 0}
    - target: {fileID: 4875392971546726, guid: 093d95d5ada1e404fa2e665e45b3c692, type: 3}
      propertyPath: m_LocalRotation.y
      value: -0
      objectReference: {fileID: 0}
    - target: {fileID: 4875392971546726, guid: 093d95d5ada1e404fa2e665e45b3c692, type: 3}
      propertyPath: m_LocalRotation.z
      value: -0
      objectReference: {fileID: 0}
    - target: {fileID: 4875392971546726, guid: 093d95d5ada1e404fa2e665e45b3c692, type: 3}
      propertyPath: m_LocalEulerAnglesHint.x
      value: 0
      objectReference: {fileID: 0}
    - target: {fileID: 4875392971546726, guid: 093d95d5ada1e404fa2e665e45b3c692, type: 3}
      propertyPath: m_LocalEulerAnglesHint.y
      value: 0
      objectReference: {fileID: 0}
    - target: {fileID: 4875392971546726, guid: 093d95d5ada1e404fa2e665e45b3c692, type: 3}
      propertyPath: m_LocalEulerAnglesHint.z
      value: 0
      objectReference: {fileID: 0}
    - target: {fileID: 3013195103163533777, guid: 093d95d5ada1e404fa2e665e45b3c692,
        type: 3}
      propertyPath: m_LocalScale.x
      value: 0.6
      objectReference: {fileID: 0}
    m_RemovedComponents: []
    m_RemovedGameObjects: []
    m_AddedGameObjects: []
    m_AddedComponents: []
  m_SourcePrefab: {fileID: 100100000, guid: 093d95d5ada1e404fa2e665e45b3c692, type: 3}
--- !u!4 &4283771678016838634 stripped
Transform:
  m_CorrespondingSourceObject: {fileID: 4875392971546726, guid: 093d95d5ada1e404fa2e665e45b3c692,
    type: 3}
  m_PrefabInstance: {fileID: 4279072214426794892}
  m_PrefabAsset: {fileID: 0}
--- !u!1001 &4905882013071836226
PrefabInstance:
  m_ObjectHideFlags: 0
  serializedVersion: 2
  m_Modification:
    serializedVersion: 3
    m_TransformParent: {fileID: 4551972304360292}
    m_Modifications:
    - target: {fileID: 1485244063864546, guid: 093d95d5ada1e404fa2e665e45b3c692, type: 3}
      propertyPath: m_Name
      value: Block (3)
      objectReference: {fileID: 0}
    - target: {fileID: 4875392971546726, guid: 093d95d5ada1e404fa2e665e45b3c692, type: 3}
      propertyPath: m_RootOrder
      value: 6
      objectReference: {fileID: 0}
    - target: {fileID: 4875392971546726, guid: 093d95d5ada1e404fa2e665e45b3c692, type: 3}
      propertyPath: m_LocalPosition.x
      value: 42.63
      objectReference: {fileID: 0}
    - target: {fileID: 4875392971546726, guid: 093d95d5ada1e404fa2e665e45b3c692, type: 3}
      propertyPath: m_LocalPosition.y
      value: 0.5
      objectReference: {fileID: 0}
    - target: {fileID: 4875392971546726, guid: 093d95d5ada1e404fa2e665e45b3c692, type: 3}
      propertyPath: m_LocalPosition.z
      value: 0
      objectReference: {fileID: 0}
    - target: {fileID: 4875392971546726, guid: 093d95d5ada1e404fa2e665e45b3c692, type: 3}
      propertyPath: m_LocalRotation.w
      value: 1
      objectReference: {fileID: 0}
    - target: {fileID: 4875392971546726, guid: 093d95d5ada1e404fa2e665e45b3c692, type: 3}
      propertyPath: m_LocalRotation.x
      value: -0
      objectReference: {fileID: 0}
    - target: {fileID: 4875392971546726, guid: 093d95d5ada1e404fa2e665e45b3c692, type: 3}
      propertyPath: m_LocalRotation.y
      value: -0
      objectReference: {fileID: 0}
    - target: {fileID: 4875392971546726, guid: 093d95d5ada1e404fa2e665e45b3c692, type: 3}
      propertyPath: m_LocalRotation.z
      value: -0
      objectReference: {fileID: 0}
    - target: {fileID: 4875392971546726, guid: 093d95d5ada1e404fa2e665e45b3c692, type: 3}
      propertyPath: m_LocalEulerAnglesHint.x
      value: 0
      objectReference: {fileID: 0}
    - target: {fileID: 4875392971546726, guid: 093d95d5ada1e404fa2e665e45b3c692, type: 3}
      propertyPath: m_LocalEulerAnglesHint.y
      value: 0
      objectReference: {fileID: 0}
    - target: {fileID: 4875392971546726, guid: 093d95d5ada1e404fa2e665e45b3c692, type: 3}
      propertyPath: m_LocalEulerAnglesHint.z
      value: 0
      objectReference: {fileID: 0}
    - target: {fileID: 3013195103163533777, guid: 093d95d5ada1e404fa2e665e45b3c692,
        type: 3}
      propertyPath: m_LocalScale.x
      value: 1.3
      objectReference: {fileID: 0}
    m_RemovedComponents: []
    m_RemovedGameObjects: []
    m_AddedGameObjects: []
    m_AddedComponents: []
  m_SourcePrefab: {fileID: 100100000, guid: 093d95d5ada1e404fa2e665e45b3c692, type: 3}
--- !u!4 &4901151791071470628 stripped
Transform:
  m_CorrespondingSourceObject: {fileID: 4875392971546726, guid: 093d95d5ada1e404fa2e665e45b3c692,
    type: 3}
  m_PrefabInstance: {fileID: 4905882013071836226}
  m_PrefabAsset: {fileID: 0}
--- !u!1001 &5540654243516767406
PrefabInstance:
  m_ObjectHideFlags: 0
  serializedVersion: 2
  m_Modification:
    serializedVersion: 3
    m_TransformParent: {fileID: 375121301675662090}
    m_Modifications:
    - target: {fileID: 4248656609890869170, guid: 5036c9e76c561ae49ae7097a6b8d2d7a,
        type: 3}
      propertyPath: m_IsActive
      value: 0
      objectReference: {fileID: 0}
    - target: {fileID: 8718240272869314502, guid: 5036c9e76c561ae49ae7097a6b8d2d7a,
        type: 3}
      propertyPath: m_RootOrder
      value: 0
      objectReference: {fileID: 0}
    - target: {fileID: 8718240272869314502, guid: 5036c9e76c561ae49ae7097a6b8d2d7a,
        type: 3}
      propertyPath: m_LocalPosition.x
      value: 5.9700007
      objectReference: {fileID: 0}
    - target: {fileID: 8718240272869314502, guid: 5036c9e76c561ae49ae7097a6b8d2d7a,
        type: 3}
      propertyPath: m_LocalPosition.y
      value: 1.18
      objectReference: {fileID: 0}
    - target: {fileID: 8718240272869314502, guid: 5036c9e76c561ae49ae7097a6b8d2d7a,
        type: 3}
      propertyPath: m_LocalPosition.z
      value: 0
      objectReference: {fileID: 0}
    - target: {fileID: 8718240272869314502, guid: 5036c9e76c561ae49ae7097a6b8d2d7a,
        type: 3}
      propertyPath: m_LocalRotation.w
      value: 1
      objectReference: {fileID: 0}
    - target: {fileID: 8718240272869314502, guid: 5036c9e76c561ae49ae7097a6b8d2d7a,
        type: 3}
      propertyPath: m_LocalRotation.x
      value: 0
      objectReference: {fileID: 0}
    - target: {fileID: 8718240272869314502, guid: 5036c9e76c561ae49ae7097a6b8d2d7a,
        type: 3}
      propertyPath: m_LocalRotation.y
      value: 0
      objectReference: {fileID: 0}
    - target: {fileID: 8718240272869314502, guid: 5036c9e76c561ae49ae7097a6b8d2d7a,
        type: 3}
      propertyPath: m_LocalRotation.z
      value: 0
      objectReference: {fileID: 0}
    - target: {fileID: 8718240272869314502, guid: 5036c9e76c561ae49ae7097a6b8d2d7a,
        type: 3}
      propertyPath: m_LocalEulerAnglesHint.x
      value: 0
      objectReference: {fileID: 0}
    - target: {fileID: 8718240272869314502, guid: 5036c9e76c561ae49ae7097a6b8d2d7a,
        type: 3}
      propertyPath: m_LocalEulerAnglesHint.y
      value: 0
      objectReference: {fileID: 0}
    - target: {fileID: 8718240272869314502, guid: 5036c9e76c561ae49ae7097a6b8d2d7a,
        type: 3}
      propertyPath: m_LocalEulerAnglesHint.z
      value: 0
      objectReference: {fileID: 0}
    - target: {fileID: 8718240272869314503, guid: 5036c9e76c561ae49ae7097a6b8d2d7a,
        type: 3}
      propertyPath: m_Name
      value: StingCircle
      objectReference: {fileID: 0}
    m_RemovedComponents: []
    m_RemovedGameObjects: []
    m_AddedGameObjects: []
    m_AddedComponents: []
  m_SourcePrefab: {fileID: 100100000, guid: 5036c9e76c561ae49ae7097a6b8d2d7a, type: 3}
--- !u!4 &3754087820339352424 stripped
Transform:
  m_CorrespondingSourceObject: {fileID: 8718240272869314502, guid: 5036c9e76c561ae49ae7097a6b8d2d7a,
    type: 3}
  m_PrefabInstance: {fileID: 5540654243516767406}
  m_PrefabAsset: {fileID: 0}
--- !u!1001 &6553592183063593762
PrefabInstance:
  m_ObjectHideFlags: 0
  serializedVersion: 2
  m_Modification:
    serializedVersion: 3
    m_TransformParent: {fileID: 375121301675662090}
    m_Modifications:
    - target: {fileID: 4248656609890869170, guid: 5036c9e76c561ae49ae7097a6b8d2d7a,
        type: 3}
      propertyPath: m_IsActive
      value: 0
      objectReference: {fileID: 0}
    - target: {fileID: 8718240272869314502, guid: 5036c9e76c561ae49ae7097a6b8d2d7a,
        type: 3}
      propertyPath: m_RootOrder
      value: 0
      objectReference: {fileID: 0}
    - target: {fileID: 8718240272869314502, guid: 5036c9e76c561ae49ae7097a6b8d2d7a,
        type: 3}
      propertyPath: m_LocalPosition.x
      value: 41.8
      objectReference: {fileID: 0}
    - target: {fileID: 8718240272869314502, guid: 5036c9e76c561ae49ae7097a6b8d2d7a,
        type: 3}
      propertyPath: m_LocalPosition.y
      value: -0.12
      objectReference: {fileID: 0}
    - target: {fileID: 8718240272869314502, guid: 5036c9e76c561ae49ae7097a6b8d2d7a,
        type: 3}
      propertyPath: m_LocalPosition.z
      value: 0
      objectReference: {fileID: 0}
    - target: {fileID: 8718240272869314502, guid: 5036c9e76c561ae49ae7097a6b8d2d7a,
        type: 3}
      propertyPath: m_LocalRotation.w
      value: 1
      objectReference: {fileID: 0}
    - target: {fileID: 8718240272869314502, guid: 5036c9e76c561ae49ae7097a6b8d2d7a,
        type: 3}
      propertyPath: m_LocalRotation.x
      value: 0
      objectReference: {fileID: 0}
    - target: {fileID: 8718240272869314502, guid: 5036c9e76c561ae49ae7097a6b8d2d7a,
        type: 3}
      propertyPath: m_LocalRotation.y
      value: 0
      objectReference: {fileID: 0}
    - target: {fileID: 8718240272869314502, guid: 5036c9e76c561ae49ae7097a6b8d2d7a,
        type: 3}
      propertyPath: m_LocalRotation.z
      value: 0
      objectReference: {fileID: 0}
    - target: {fileID: 8718240272869314502, guid: 5036c9e76c561ae49ae7097a6b8d2d7a,
        type: 3}
      propertyPath: m_LocalEulerAnglesHint.x
      value: 0
      objectReference: {fileID: 0}
    - target: {fileID: 8718240272869314502, guid: 5036c9e76c561ae49ae7097a6b8d2d7a,
        type: 3}
      propertyPath: m_LocalEulerAnglesHint.y
      value: 0
      objectReference: {fileID: 0}
    - target: {fileID: 8718240272869314502, guid: 5036c9e76c561ae49ae7097a6b8d2d7a,
        type: 3}
      propertyPath: m_LocalEulerAnglesHint.z
      value: 0
      objectReference: {fileID: 0}
    - target: {fileID: 8718240272869314503, guid: 5036c9e76c561ae49ae7097a6b8d2d7a,
        type: 3}
      propertyPath: m_Name
      value: StingCircle (4)
      objectReference: {fileID: 0}
    - target: {fileID: 8718240273795574392, guid: 5036c9e76c561ae49ae7097a6b8d2d7a,
        type: 3}
      propertyPath: m_LocalScale.x
      value: 0.8
      objectReference: {fileID: 0}
    - target: {fileID: 8718240273795574392, guid: 5036c9e76c561ae49ae7097a6b8d2d7a,
        type: 3}
      propertyPath: m_LocalScale.y
      value: 0.8
      objectReference: {fileID: 0}
    m_RemovedComponents: []
    m_RemovedGameObjects: []
    m_AddedGameObjects: []
    m_AddedComponents: []
  m_SourcePrefab: {fileID: 100100000, guid: 5036c9e76c561ae49ae7097a6b8d2d7a, type: 3}
--- !u!4 &2454004436463848676 stripped
Transform:
  m_CorrespondingSourceObject: {fileID: 8718240272869314502, guid: 5036c9e76c561ae49ae7097a6b8d2d7a,
    type: 3}
  m_PrefabInstance: {fileID: 6553592183063593762}
  m_PrefabAsset: {fileID: 0}
--- !u!1001 &7420943800420484198
PrefabInstance:
  m_ObjectHideFlags: 0
  serializedVersion: 2
  m_Modification:
    serializedVersion: 3
    m_TransformParent: {fileID: 4710971383091664}
    m_Modifications:
    - target: {fileID: 2320551842207795533, guid: 76916d4175c432e46800cce8299bfa6a,
        type: 3}
      propertyPath: m_Name
      value: EndPoint
      objectReference: {fileID: 0}
    - target: {fileID: 2323631769857205585, guid: 76916d4175c432e46800cce8299bfa6a,
        type: 3}
      propertyPath: m_RootOrder
      value: 3
      objectReference: {fileID: 0}
    - target: {fileID: 2323631769857205585, guid: 76916d4175c432e46800cce8299bfa6a,
        type: 3}
      propertyPath: m_LocalPosition.x
      value: 50
      objectReference: {fileID: 0}
    - target: {fileID: 2323631769857205585, guid: 76916d4175c432e46800cce8299bfa6a,
        type: 3}
      propertyPath: m_LocalPosition.y
      value: 0
      objectReference: {fileID: 0}
    - target: {fileID: 2323631769857205585, guid: 76916d4175c432e46800cce8299bfa6a,
        type: 3}
      propertyPath: m_LocalPosition.z
      value: 0
      objectReference: {fileID: 0}
    - target: {fileID: 2323631769857205585, guid: 76916d4175c432e46800cce8299bfa6a,
        type: 3}
      propertyPath: m_LocalRotation.w
      value: 1
      objectReference: {fileID: 0}
    - target: {fileID: 2323631769857205585, guid: 76916d4175c432e46800cce8299bfa6a,
        type: 3}
      propertyPath: m_LocalRotation.x
      value: 0
      objectReference: {fileID: 0}
    - target: {fileID: 2323631769857205585, guid: 76916d4175c432e46800cce8299bfa6a,
        type: 3}
      propertyPath: m_LocalRotation.y
      value: 0
      objectReference: {fileID: 0}
    - target: {fileID: 2323631769857205585, guid: 76916d4175c432e46800cce8299bfa6a,
        type: 3}
      propertyPath: m_LocalRotation.z
      value: 0
      objectReference: {fileID: 0}
    - target: {fileID: 2323631769857205585, guid: 76916d4175c432e46800cce8299bfa6a,
        type: 3}
      propertyPath: m_LocalEulerAnglesHint.x
      value: 0
      objectReference: {fileID: 0}
    - target: {fileID: 2323631769857205585, guid: 76916d4175c432e46800cce8299bfa6a,
        type: 3}
      propertyPath: m_LocalEulerAnglesHint.y
      value: 0
      objectReference: {fileID: 0}
    - target: {fileID: 2323631769857205585, guid: 76916d4175c432e46800cce8299bfa6a,
        type: 3}
      propertyPath: m_LocalEulerAnglesHint.z
      value: 0
      objectReference: {fileID: 0}
    m_RemovedComponents: []
    m_RemovedGameObjects: []
    m_AddedGameObjects: []
    m_AddedComponents: []
  m_SourcePrefab: {fileID: 100100000, guid: 76916d4175c432e46800cce8299bfa6a, type: 3}
--- !u!4 &5099006996625350967 stripped
Transform:
  m_CorrespondingSourceObject: {fileID: 2323631769857205585, guid: 76916d4175c432e46800cce8299bfa6a,
    type: 3}
  m_PrefabInstance: {fileID: 7420943800420484198}
  m_PrefabAsset: {fileID: 0}
--- !u!1001 &7921510318958001803
PrefabInstance:
  m_ObjectHideFlags: 0
  serializedVersion: 2
  m_Modification:
    serializedVersion: 3
    m_TransformParent: {fileID: 4551972304360292}
    m_Modifications:
    - target: {fileID: 1214162638093782, guid: 5b3590772f8076e448cfdbbee61c0c94, type: 3}
      propertyPath: m_Name
      value: MovingBlock
      objectReference: {fileID: 0}
    - target: {fileID: 4403225247367506, guid: 5b3590772f8076e448cfdbbee61c0c94, type: 3}
      propertyPath: m_LocalPosition.y
      value: 5.2
      objectReference: {fileID: 0}
    - target: {fileID: 4731494455296472, guid: 5b3590772f8076e448cfdbbee61c0c94, type: 3}
      propertyPath: m_RootOrder
      value: 0
      objectReference: {fileID: 0}
    - target: {fileID: 4731494455296472, guid: 5b3590772f8076e448cfdbbee61c0c94, type: 3}
      propertyPath: m_LocalPosition.x
      value: 13.59
      objectReference: {fileID: 0}
    - target: {fileID: 4731494455296472, guid: 5b3590772f8076e448cfdbbee61c0c94, type: 3}
      propertyPath: m_LocalPosition.y
      value: -2.4
      objectReference: {fileID: 0}
    - target: {fileID: 4731494455296472, guid: 5b3590772f8076e448cfdbbee61c0c94, type: 3}
      propertyPath: m_LocalPosition.z
      value: 0
      objectReference: {fileID: 0}
    - target: {fileID: 4731494455296472, guid: 5b3590772f8076e448cfdbbee61c0c94, type: 3}
      propertyPath: m_LocalRotation.w
      value: 1
      objectReference: {fileID: 0}
    - target: {fileID: 4731494455296472, guid: 5b3590772f8076e448cfdbbee61c0c94, type: 3}
      propertyPath: m_LocalRotation.x
      value: 0
      objectReference: {fileID: 0}
    - target: {fileID: 4731494455296472, guid: 5b3590772f8076e448cfdbbee61c0c94, type: 3}
      propertyPath: m_LocalRotation.y
      value: 0
      objectReference: {fileID: 0}
    - target: {fileID: 4731494455296472, guid: 5b3590772f8076e448cfdbbee61c0c94, type: 3}
      propertyPath: m_LocalRotation.z
      value: 0
      objectReference: {fileID: 0}
    - target: {fileID: 4731494455296472, guid: 5b3590772f8076e448cfdbbee61c0c94, type: 3}
      propertyPath: m_LocalEulerAnglesHint.x
      value: 0
      objectReference: {fileID: 0}
    - target: {fileID: 4731494455296472, guid: 5b3590772f8076e448cfdbbee61c0c94, type: 3}
      propertyPath: m_LocalEulerAnglesHint.y
      value: 0
      objectReference: {fileID: 0}
    - target: {fileID: 4731494455296472, guid: 5b3590772f8076e448cfdbbee61c0c94, type: 3}
      propertyPath: m_LocalEulerAnglesHint.z
      value: 0
      objectReference: {fileID: 0}
    - target: {fileID: 114761444031487610, guid: 5b3590772f8076e448cfdbbee61c0c94,
        type: 3}
      propertyPath: speed
      value: 6
      objectReference: {fileID: 0}
    m_RemovedComponents: []
    m_RemovedGameObjects: []
    m_AddedGameObjects: []
    m_AddedComponents: []
  m_SourcePrefab: {fileID: 100100000, guid: 5b3590772f8076e448cfdbbee61c0c94, type: 3}
--- !u!4 &7925795409343479635 stripped
Transform:
  m_CorrespondingSourceObject: {fileID: 4731494455296472, guid: 5b3590772f8076e448cfdbbee61c0c94,
    type: 3}
  m_PrefabInstance: {fileID: 7921510318958001803}
  m_PrefabAsset: {fileID: 0}
--- !u!1001 &8676832212308515196
PrefabInstance:
  m_ObjectHideFlags: 0
  serializedVersion: 2
  m_Modification:
    serializedVersion: 3
    m_TransformParent: {fileID: 375121301675662090}
    m_Modifications:
    - target: {fileID: 4248656609890869170, guid: 5036c9e76c561ae49ae7097a6b8d2d7a,
        type: 3}
      propertyPath: m_IsActive
      value: 0
      objectReference: {fileID: 0}
    - target: {fileID: 8718240272869314502, guid: 5036c9e76c561ae49ae7097a6b8d2d7a,
        type: 3}
      propertyPath: m_RootOrder
      value: 0
      objectReference: {fileID: 0}
    - target: {fileID: 8718240272869314502, guid: 5036c9e76c561ae49ae7097a6b8d2d7a,
        type: 3}
      propertyPath: m_LocalPosition.x
      value: 10.97
      objectReference: {fileID: 0}
    - target: {fileID: 8718240272869314502, guid: 5036c9e76c561ae49ae7097a6b8d2d7a,
        type: 3}
      propertyPath: m_LocalPosition.y
      value: 0.42
      objectReference: {fileID: 0}
    - target: {fileID: 8718240272869314502, guid: 5036c9e76c561ae49ae7097a6b8d2d7a,
        type: 3}
      propertyPath: m_LocalPosition.z
      value: 0
      objectReference: {fileID: 0}
    - target: {fileID: 8718240272869314502, guid: 5036c9e76c561ae49ae7097a6b8d2d7a,
        type: 3}
      propertyPath: m_LocalRotation.w
      value: 1
      objectReference: {fileID: 0}
    - target: {fileID: 8718240272869314502, guid: 5036c9e76c561ae49ae7097a6b8d2d7a,
        type: 3}
      propertyPath: m_LocalRotation.x
      value: 0
      objectReference: {fileID: 0}
    - target: {fileID: 8718240272869314502, guid: 5036c9e76c561ae49ae7097a6b8d2d7a,
        type: 3}
      propertyPath: m_LocalRotation.y
      value: 0
      objectReference: {fileID: 0}
    - target: {fileID: 8718240272869314502, guid: 5036c9e76c561ae49ae7097a6b8d2d7a,
        type: 3}
      propertyPath: m_LocalRotation.z
      value: 0
      objectReference: {fileID: 0}
    - target: {fileID: 8718240272869314502, guid: 5036c9e76c561ae49ae7097a6b8d2d7a,
        type: 3}
      propertyPath: m_LocalEulerAnglesHint.x
      value: 0
      objectReference: {fileID: 0}
    - target: {fileID: 8718240272869314502, guid: 5036c9e76c561ae49ae7097a6b8d2d7a,
        type: 3}
      propertyPath: m_LocalEulerAnglesHint.y
      value: 0
      objectReference: {fileID: 0}
    - target: {fileID: 8718240272869314502, guid: 5036c9e76c561ae49ae7097a6b8d2d7a,
        type: 3}
      propertyPath: m_LocalEulerAnglesHint.z
      value: 0
      objectReference: {fileID: 0}
    - target: {fileID: 8718240272869314503, guid: 5036c9e76c561ae49ae7097a6b8d2d7a,
        type: 3}
      propertyPath: m_Name
      value: StingCircle (1)
      objectReference: {fileID: 0}
    - target: {fileID: 8718240273795574392, guid: 5036c9e76c561ae49ae7097a6b8d2d7a,
        type: 3}
      propertyPath: m_LocalScale.x
      value: 0.8
      objectReference: {fileID: 0}
    - target: {fileID: 8718240273795574392, guid: 5036c9e76c561ae49ae7097a6b8d2d7a,
        type: 3}
      propertyPath: m_LocalScale.y
      value: 0.8
      objectReference: {fileID: 0}
    m_RemovedComponents: []
    m_RemovedGameObjects: []
    m_AddedGameObjects: []
    m_AddedComponents: []
  m_SourcePrefab: {fileID: 100100000, guid: 5036c9e76c561ae49ae7097a6b8d2d7a, type: 3}
--- !u!4 &42544204906337978 stripped
Transform:
  m_CorrespondingSourceObject: {fileID: 8718240272869314502, guid: 5036c9e76c561ae49ae7097a6b8d2d7a,
    type: 3}
  m_PrefabInstance: {fileID: 8676832212308515196}
  m_PrefabAsset: {fileID: 0}
--- !u!1001 &8704877903221311272
PrefabInstance:
  m_ObjectHideFlags: 0
  serializedVersion: 2
  m_Modification:
    serializedVersion: 3
    m_TransformParent: {fileID: 375121301675662090}
    m_Modifications:
    - target: {fileID: 4248656609890869170, guid: 5036c9e76c561ae49ae7097a6b8d2d7a,
        type: 3}
      propertyPath: m_IsActive
      value: 0
      objectReference: {fileID: 0}
    - target: {fileID: 8718240272869314502, guid: 5036c9e76c561ae49ae7097a6b8d2d7a,
        type: 3}
      propertyPath: m_RootOrder
      value: 0
      objectReference: {fileID: 0}
    - target: {fileID: 8718240272869314502, guid: 5036c9e76c561ae49ae7097a6b8d2d7a,
        type: 3}
      propertyPath: m_LocalPosition.x
      value: 11.64
      objectReference: {fileID: 0}
    - target: {fileID: 8718240272869314502, guid: 5036c9e76c561ae49ae7097a6b8d2d7a,
        type: 3}
      propertyPath: m_LocalPosition.y
      value: 1.7
      objectReference: {fileID: 0}
    - target: {fileID: 8718240272869314502, guid: 5036c9e76c561ae49ae7097a6b8d2d7a,
        type: 3}
      propertyPath: m_LocalPosition.z
      value: 0
      objectReference: {fileID: 0}
    - target: {fileID: 8718240272869314502, guid: 5036c9e76c561ae49ae7097a6b8d2d7a,
        type: 3}
      propertyPath: m_LocalRotation.w
      value: 1
      objectReference: {fileID: 0}
    - target: {fileID: 8718240272869314502, guid: 5036c9e76c561ae49ae7097a6b8d2d7a,
        type: 3}
      propertyPath: m_LocalRotation.x
      value: 0
      objectReference: {fileID: 0}
    - target: {fileID: 8718240272869314502, guid: 5036c9e76c561ae49ae7097a6b8d2d7a,
        type: 3}
      propertyPath: m_LocalRotation.y
      value: 0
      objectReference: {fileID: 0}
    - target: {fileID: 8718240272869314502, guid: 5036c9e76c561ae49ae7097a6b8d2d7a,
        type: 3}
      propertyPath: m_LocalRotation.z
      value: 0
      objectReference: {fileID: 0}
    - target: {fileID: 8718240272869314502, guid: 5036c9e76c561ae49ae7097a6b8d2d7a,
        type: 3}
      propertyPath: m_LocalEulerAnglesHint.x
      value: 0
      objectReference: {fileID: 0}
    - target: {fileID: 8718240272869314502, guid: 5036c9e76c561ae49ae7097a6b8d2d7a,
        type: 3}
      propertyPath: m_LocalEulerAnglesHint.y
      value: 0
      objectReference: {fileID: 0}
    - target: {fileID: 8718240272869314502, guid: 5036c9e76c561ae49ae7097a6b8d2d7a,
        type: 3}
      propertyPath: m_LocalEulerAnglesHint.z
      value: 0
      objectReference: {fileID: 0}
    - target: {fileID: 8718240272869314503, guid: 5036c9e76c561ae49ae7097a6b8d2d7a,
        type: 3}
      propertyPath: m_Name
      value: StingCircle (2)
      objectReference: {fileID: 0}
    - target: {fileID: 8718240273795574392, guid: 5036c9e76c561ae49ae7097a6b8d2d7a,
        type: 3}
      propertyPath: m_LocalScale.x
      value: 0.7
      objectReference: {fileID: 0}
    - target: {fileID: 8718240273795574392, guid: 5036c9e76c561ae49ae7097a6b8d2d7a,
        type: 3}
      propertyPath: m_LocalScale.y
      value: 0.7
      objectReference: {fileID: 0}
    m_RemovedComponents: []
    m_RemovedGameObjects: []
    m_AddedGameObjects: []
    m_AddedComponents: []
  m_SourcePrefab: {fileID: 100100000, guid: 5036c9e76c561ae49ae7097a6b8d2d7a, type: 3}
--- !u!4 &13679038661265646 stripped
Transform:
  m_CorrespondingSourceObject: {fileID: 8718240272869314502, guid: 5036c9e76c561ae49ae7097a6b8d2d7a,
    type: 3}
  m_PrefabInstance: {fileID: 8704877903221311272}
  m_PrefabAsset: {fileID: 0}
--- !u!1001 &8887733796067263102
PrefabInstance:
  m_ObjectHideFlags: 0
  serializedVersion: 2
  m_Modification:
    serializedVersion: 3
    m_TransformParent: {fileID: 4551972304360292}
    m_Modifications:
    - target: {fileID: 1485244063864546, guid: 093d95d5ada1e404fa2e665e45b3c692, type: 3}
      propertyPath: m_Name
      value: Block
      objectReference: {fileID: 0}
    - target: {fileID: 4875392971546726, guid: 093d95d5ada1e404fa2e665e45b3c692, type: 3}
      propertyPath: m_RootOrder
      value: 3
      objectReference: {fileID: 0}
    - target: {fileID: 4875392971546726, guid: 093d95d5ada1e404fa2e665e45b3c692, type: 3}
      propertyPath: m_LocalPosition.x
      value: 2.41
      objectReference: {fileID: 0}
    - target: {fileID: 4875392971546726, guid: 093d95d5ada1e404fa2e665e45b3c692, type: 3}
      propertyPath: m_LocalPosition.y
      value: -0.5
      objectReference: {fileID: 0}
    - target: {fileID: 4875392971546726, guid: 093d95d5ada1e404fa2e665e45b3c692, type: 3}
      propertyPath: m_LocalPosition.z
      value: 0
      objectReference: {fileID: 0}
    - target: {fileID: 4875392971546726, guid: 093d95d5ada1e404fa2e665e45b3c692, type: 3}
      propertyPath: m_LocalRotation.w
      value: 1
      objectReference: {fileID: 0}
    - target: {fileID: 4875392971546726, guid: 093d95d5ada1e404fa2e665e45b3c692, type: 3}
      propertyPath: m_LocalRotation.x
      value: 0
      objectReference: {fileID: 0}
    - target: {fileID: 4875392971546726, guid: 093d95d5ada1e404fa2e665e45b3c692, type: 3}
      propertyPath: m_LocalRotation.y
      value: 0
      objectReference: {fileID: 0}
    - target: {fileID: 4875392971546726, guid: 093d95d5ada1e404fa2e665e45b3c692, type: 3}
      propertyPath: m_LocalRotation.z
      value: 0
      objectReference: {fileID: 0}
    - target: {fileID: 4875392971546726, guid: 093d95d5ada1e404fa2e665e45b3c692, type: 3}
      propertyPath: m_LocalEulerAnglesHint.x
      value: 0
      objectReference: {fileID: 0}
    - target: {fileID: 4875392971546726, guid: 093d95d5ada1e404fa2e665e45b3c692, type: 3}
      propertyPath: m_LocalEulerAnglesHint.y
      value: 0
      objectReference: {fileID: 0}
    - target: {fileID: 4875392971546726, guid: 093d95d5ada1e404fa2e665e45b3c692, type: 3}
      propertyPath: m_LocalEulerAnglesHint.z
      value: 0
      objectReference: {fileID: 0}
    - target: {fileID: 3013195103163533777, guid: 093d95d5ada1e404fa2e665e45b3c692,
        type: 3}
      propertyPath: m_LocalScale.x
      value: 2
      objectReference: {fileID: 0}
    m_RemovedComponents: []
    m_RemovedGameObjects: []
    m_AddedGameObjects: []
    m_AddedComponents: []
  m_SourcePrefab: {fileID: 100100000, guid: 093d95d5ada1e404fa2e665e45b3c692, type: 3}
--- !u!4 &8882999420902662680 stripped
Transform:
  m_CorrespondingSourceObject: {fileID: 4875392971546726, guid: 093d95d5ada1e404fa2e665e45b3c692,
    type: 3}
  m_PrefabInstance: {fileID: 8887733796067263102}
  m_PrefabAsset: {fileID: 0}
