%YAML 1.1
%TAG !u! tag:unity3d.com,2011:
--- !u!1 &1569506611814688
GameObject:
  m_ObjectHideFlags: 0
  m_CorrespondingSourceObject: {fileID: 0}
  m_PrefabInstance: {fileID: 0}
  m_PrefabAsset: {fileID: 0}
  serializedVersion: 6
  m_Component:
  - component: {fileID: 4710971383091664}
  - component: {fileID: 114658555182137490}
  m_Layer: 0
  m_Name: Level17_1
  m_TagString: Untagged
  m_Icon: {fileID: 0}
  m_NavMeshLayer: 0
  m_StaticEditorFlags: 0
  m_IsActive: 1
--- !u!4 &4710971383091664
Transform:
  m_ObjectHideFlags: 0
  m_CorrespondingSourceObject: {fileID: 0}
  m_PrefabInstance: {fileID: 0}
  m_PrefabAsset: {fileID: 0}
  m_GameObject: {fileID: 1569506611814688}
  m_LocalRotation: {x: -0, y: -0, z: -0, w: 1}
  m_LocalPosition: {x: 20, y: 0, z: 0}
  m_LocalScale: {x: 1, y: 1, z: 1}
  m_ConstrainProportionsScale: 0
  m_Children:
  - {fileID: 4551972304360292}
  - {fileID: 375121301675662090}
  - {fileID: 7544024401051670634}
  - {fileID: 4955759104161795148}
  m_Father: {fileID: 0}
  m_RootOrder: 0
  m_LocalEulerAnglesHint: {x: 0, y: 0, z: 0}
--- !u!114 &114658555182137490
MonoBehaviour:
  m_ObjectHideFlags: 0
  m_CorrespondingSourceObject: {fileID: 0}
  m_PrefabInstance: {fileID: 0}
  m_PrefabAsset: {fileID: 0}
  m_GameObject: {fileID: 1569506611814688}
  m_Enabled: 1
  m_EditorHideFlags: 0
  m_Script: {fileID: 11500000, guid: 29f7adea44f768b41a14032f50a3d1fc, type: 3}
  m_Name: 
  m_EditorClassIdentifier: 
  _transform: {fileID: 0}
  blocksGroup: {fileID: 4551972304360292}
  trapsGroup: {fileID: 375121301675662090}
  foodGroup: {fileID: 7544024401051670634}
  foodNum: 1
--- !u!1 &1766172641249966
GameObject:
  m_ObjectHideFlags: 0
  m_CorrespondingSourceObject: {fileID: 0}
  m_PrefabInstance: {fileID: 0}
  m_PrefabAsset: {fileID: 0}
  serializedVersion: 6
  m_Component:
  - component: {fileID: 4551972304360292}
  m_Layer: 0
  m_Name: Blocks
  m_TagString: Untagged
  m_Icon: {fileID: 0}
  m_NavMeshLayer: 0
  m_StaticEditorFlags: 0
  m_IsActive: 1
--- !u!4 &4551972304360292
Transform:
  m_ObjectHideFlags: 0
  m_CorrespondingSourceObject: {fileID: 0}
  m_PrefabInstance: {fileID: 0}
  m_PrefabAsset: {fileID: 0}
  m_GameObject: {fileID: 1766172641249966}
  m_LocalRotation: {x: 0, y: 0, z: 0, w: 1}
  m_LocalPosition: {x: 0, y: 0, z: 0}
  m_LocalScale: {x: 1, y: 1, z: 1}
  m_ConstrainProportionsScale: 0
  m_Children:
  - {fileID: 6138377338426310730}
  - {fileID: 67469035565931310}
  - {fileID: 2373310751716482731}
  - {fileID: 8882999420902662680}
  - {fileID: 6354710958027775559}
  - {fileID: 741367239976558358}
  - {fileID: 1384880784851830038}
  m_Father: {fileID: 4710971383091664}
  m_RootOrder: 0
  m_LocalEulerAnglesHint: {x: 0, y: 0, z: 0}
--- !u!1 &3506719027677935633
GameObject:
  m_ObjectHideFlags: 0
  m_CorrespondingSourceObject: {fileID: 0}
  m_PrefabInstance: {fileID: 0}
  m_PrefabAsset: {fileID: 0}
  serializedVersion: 6
  m_Component:
  - component: {fileID: 3859925982902749569}
  m_Layer: 0
  m_Name: FoodPos (2)
  m_TagString: Untagged
  m_Icon: {fileID: 2488908585195742037, guid: 0000000000000000d000000000000000, type: 0}
  m_NavMeshLayer: 0
  m_StaticEditorFlags: 0
  m_IsActive: 1
--- !u!4 &3859925982902749569
Transform:
  m_ObjectHideFlags: 0
  m_CorrespondingSourceObject: {fileID: 0}
  m_PrefabInstance: {fileID: 0}
  m_PrefabAsset: {fileID: 0}
  m_GameObject: {fileID: 3506719027677935633}
  m_LocalRotation: {x: 0, y: 0, z: 0, w: 1}
  m_LocalPosition: {x: 35.33, y: 2.92, z: 0}
  m_LocalScale: {x: 1, y: 1, z: 1}
  m_ConstrainProportionsScale: 0
  m_Children: []
  m_Father: {fileID: 7544024401051670634}
  m_RootOrder: 1
  m_LocalEulerAnglesHint: {x: 0, y: 0, z: 0}
--- !u!1 &3570194908859526059
GameObject:
  m_ObjectHideFlags: 0
  m_CorrespondingSourceObject: {fileID: 0}
  m_PrefabInstance: {fileID: 0}
  m_PrefabAsset: {fileID: 0}
  serializedVersion: 6
  m_Component:
  - component: {fileID: 375121301675662090}
  m_Layer: 0
  m_Name: Traps
  m_TagString: Untagged
  m_Icon: {fileID: 0}
  m_NavMeshLayer: 0
  m_StaticEditorFlags: 0
  m_IsActive: 1
--- !u!4 &375121301675662090
Transform:
  m_ObjectHideFlags: 0
  m_CorrespondingSourceObject: {fileID: 0}
  m_PrefabInstance: {fileID: 0}
  m_PrefabAsset: {fileID: 0}
  m_GameObject: {fileID: 3570194908859526059}
  m_LocalRotation: {x: 0, y: 0, z: 0, w: 1}
  m_LocalPosition: {x: 0, y: 0, z: 0}
  m_LocalScale: {x: 1, y: 1, z: 1}
  m_ConstrainProportionsScale: 0
  m_Children:
  - {fileID: 3754087820339352424}
  - {fileID: 5296663144559709582}
  - {fileID: 2124147930251559382}
  - {fileID: 3989610968246861494}
  - {fileID: 5465933184154017485}
  - {fileID: 4916219496456556556}
  - {fileID: 5277407154517844639}
  m_Father: {fileID: 4710971383091664}
  m_RootOrder: 1
  m_LocalEulerAnglesHint: {x: 0, y: 0, z: 0}
--- !u!1 &4670539671642147469
GameObject:
  m_ObjectHideFlags: 0
  m_CorrespondingSourceObject: {fileID: 0}
  m_PrefabInstance: {fileID: 0}
  m_PrefabAsset: {fileID: 0}
  serializedVersion: 6
  m_Component:
  - component: {fileID: 1401028565726733406}
  m_Layer: 0
  m_Name: FoodPos (1)
  m_TagString: Untagged
  m_Icon: {fileID: 2488908585195742037, guid: 0000000000000000d000000000000000, type: 0}
  m_NavMeshLayer: 0
  m_StaticEditorFlags: 0
  m_IsActive: 1
--- !u!4 &1401028565726733406
Transform:
  m_ObjectHideFlags: 0
  m_CorrespondingSourceObject: {fileID: 0}
  m_PrefabInstance: {fileID: 0}
  m_PrefabAsset: {fileID: 0}
  m_GameObject: {fileID: 4670539671642147469}
  m_LocalRotation: {x: 0, y: 0, z: 0, w: 1}
  m_LocalPosition: {x: 45.45, y: 3.3, z: 0}
  m_LocalScale: {x: 1, y: 1, z: 1}
  m_ConstrainProportionsScale: 0
  m_Children: []
  m_Father: {fileID: 7544024401051670634}
  m_RootOrder: 1
  m_LocalEulerAnglesHint: {x: 0, y: 0, z: 0}
--- !u!1 &5008451031579375850
GameObject:
  m_ObjectHideFlags: 0
  m_CorrespondingSourceObject: {fileID: 0}
  m_PrefabInstance: {fileID: 0}
  m_PrefabAsset: {fileID: 0}
  serializedVersion: 6
  m_Component:
  - component: {fileID: 179192211913889139}
  m_Layer: 0
  m_Name: FoodPos
  m_TagString: Untagged
  m_Icon: {fileID: 2488908585195742037, guid: 0000000000000000d000000000000000, type: 0}
  m_NavMeshLayer: 0
  m_StaticEditorFlags: 0
  m_IsActive: 1
--- !u!4 &179192211913889139
Transform:
  m_ObjectHideFlags: 0
  m_CorrespondingSourceObject: {fileID: 0}
  m_PrefabInstance: {fileID: 0}
  m_PrefabAsset: {fileID: 0}
  m_GameObject: {fileID: 5008451031579375850}
  m_LocalRotation: {x: 0, y: 0, z: 0, w: 1}
  m_LocalPosition: {x: 14.65, y: 4.25, z: 0}
  m_LocalScale: {x: 1, y: 1, z: 1}
  m_ConstrainProportionsScale: 0
  m_Children: []
  m_Father: {fileID: 7544024401051670634}
  m_RootOrder: 0
  m_LocalEulerAnglesHint: {x: 0, y: 0, z: 0}
--- !u!1 &8738851787638074826
GameObject:
  m_ObjectHideFlags: 0
  m_CorrespondingSourceObject: {fileID: 0}
  m_PrefabInstance: {fileID: 0}
  m_PrefabAsset: {fileID: 0}
  serializedVersion: 6
  m_Component:
  - component: {fileID: 7544024401051670634}
  m_Layer: 0
  m_Name: Food
  m_TagString: Untagged
  m_Icon: {fileID: 0}
  m_NavMeshLayer: 0
  m_StaticEditorFlags: 0
  m_IsActive: 1
--- !u!4 &7544024401051670634
Transform:
  m_ObjectHideFlags: 0
  m_CorrespondingSourceObject: {fileID: 0}
  m_PrefabInstance: {fileID: 0}
  m_PrefabAsset: {fileID: 0}
  m_GameObject: {fileID: 8738851787638074826}
  m_LocalRotation: {x: -0, y: -0, z: -0, w: 1}
  m_LocalPosition: {x: 0, y: 0, z: 0}
  m_LocalScale: {x: 1, y: 1, z: 1}
  m_ConstrainProportionsScale: 0
  m_Children:
  - {fileID: 179192211913889139}
  - {fileID: 1401028565726733406}
  - {fileID: 3859925982902749569}
  m_Father: {fileID: 4710971383091664}
  m_RootOrder: -1
  m_LocalEulerAnglesHint: {x: 0, y: 0, z: 0}
--- !u!1001 &71914649414343414
PrefabInstance:
  m_ObjectHideFlags: 0
  serializedVersion: 2
  m_Modification:
    serializedVersion: 3
    m_TransformParent: {fileID: 4551972304360292}
    m_Modifications:
    - target: {fileID: 1214162638093782, guid: 5b3590772f8076e448cfdbbee61c0c94, type: 3}
      propertyPath: m_Name
      value: MovingBlock (1)
      objectReference: {fileID: 0}
    - target: {fileID: 4403225247367506, guid: 5b3590772f8076e448cfdbbee61c0c94, type: 3}
      propertyPath: m_LocalPosition.y
      value: -4.39
      objectReference: {fileID: 0}
    - target: {fileID: 4731494455296472, guid: 5b3590772f8076e448cfdbbee61c0c94, type: 3}
      propertyPath: m_RootOrder
      value: 0
      objectReference: {fileID: 0}
    - target: {fileID: 4731494455296472, guid: 5b3590772f8076e448cfdbbee61c0c94, type: 3}
      propertyPath: m_LocalPosition.x
      value: 21.42
      objectReference: {fileID: 0}
    - target: {fileID: 4731494455296472, guid: 5b3590772f8076e448cfdbbee61c0c94, type: 3}
      propertyPath: m_LocalPosition.y
      value: 2.64
      objectReference: {fileID: 0}
    - target: {fileID: 4731494455296472, guid: 5b3590772f8076e448cfdbbee61c0c94, type: 3}
      propertyPath: m_LocalPosition.z
      value: 0
      objectReference: {fileID: 0}
    - target: {fileID: 4731494455296472, guid: 5b3590772f8076e448cfdbbee61c0c94, type: 3}
      propertyPath: m_LocalRotation.w
      value: 1
      objectReference: {fileID: 0}
    - target: {fileID: 4731494455296472, guid: 5b3590772f8076e448cfdbbee61c0c94, type: 3}
      propertyPath: m_LocalRotation.x
      value: 0
      objectReference: {fileID: 0}
    - target: {fileID: 4731494455296472, guid: 5b3590772f8076e448cfdbbee61c0c94, type: 3}
      propertyPath: m_LocalRotation.y
      value: 0
      objectReference: {fileID: 0}
    - target: {fileID: 4731494455296472, guid: 5b3590772f8076e448cfdbbee61c0c94, type: 3}
      propertyPath: m_LocalRotation.z
      value: 0
      objectReference: {fileID: 0}
    - target: {fileID: 4731494455296472, guid: 5b3590772f8076e448cfdbbee61c0c94, type: 3}
      propertyPath: m_LocalEulerAnglesHint.x
      value: 0
      objectReference: {fileID: 0}
    - target: {fileID: 4731494455296472, guid: 5b3590772f8076e448cfdbbee61c0c94, type: 3}
      propertyPath: m_LocalEulerAnglesHint.y
      value: 0
      objectReference: {fileID: 0}
    - target: {fileID: 4731494455296472, guid: 5b3590772f8076e448cfdbbee61c0c94, type: 3}
      propertyPath: m_LocalEulerAnglesHint.z
      value: 0
      objectReference: {fileID: 0}
    - target: {fileID: 114761444031487610, guid: 5b3590772f8076e448cfdbbee61c0c94,
        type: 3}
      propertyPath: speed
      value: 3.5
      objectReference: {fileID: 0}
    - target: {fileID: 9062822208647474394, guid: 5b3590772f8076e448cfdbbee61c0c94,
        type: 3}
      propertyPath: m_LocalScale.x
      value: 0.7
      objectReference: {fileID: 0}
    m_RemovedComponents: []
    m_RemovedGameObjects: []
    m_AddedGameObjects: []
    m_AddedComponents: []
  m_SourcePrefab: {fileID: 100100000, guid: 5b3590772f8076e448cfdbbee61c0c94, type: 3}
--- !u!4 &67469035565931310 stripped
Transform:
  m_CorrespondingSourceObject: {fileID: 4731494455296472, guid: 5b3590772f8076e448cfdbbee61c0c94,
    type: 3}
  m_PrefabInstance: {fileID: 71914649414343414}
  m_PrefabAsset: {fileID: 0}
--- !u!1001 &745503755694227312
PrefabInstance:
  m_ObjectHideFlags: 0
  serializedVersion: 2
  m_Modification:
    serializedVersion: 3
    m_TransformParent: {fileID: 4551972304360292}
    m_Modifications:
    - target: {fileID: 1485244063864546, guid: 093d95d5ada1e404fa2e665e45b3c692, type: 3}
      propertyPath: m_Name
      value: Block (2)
      objectReference: {fileID: 0}
    - target: {fileID: 4875392971546726, guid: 093d95d5ada1e404fa2e665e45b3c692, type: 3}
      propertyPath: m_RootOrder
      value: 0
      objectReference: {fileID: 0}
    - target: {fileID: 4875392971546726, guid: 093d95d5ada1e404fa2e665e45b3c692, type: 3}
      propertyPath: m_LocalScale.x
      value: 1.5
      objectReference: {fileID: 0}
    - target: {fileID: 4875392971546726, guid: 093d95d5ada1e404fa2e665e45b3c692, type: 3}
      propertyPath: m_LocalPosition.x
      value: 41.27
      objectReference: {fileID: 0}
    - target: {fileID: 4875392971546726, guid: 093d95d5ada1e404fa2e665e45b3c692, type: 3}
      propertyPath: m_LocalPosition.y
      value: 0.100000024
      objectReference: {fileID: 0}
    - target: {fileID: 4875392971546726, guid: 093d95d5ada1e404fa2e665e45b3c692, type: 3}
      propertyPath: m_LocalPosition.z
      value: 0
      objectReference: {fileID: 0}
    - target: {fileID: 4875392971546726, guid: 093d95d5ada1e404fa2e665e45b3c692, type: 3}
      propertyPath: m_LocalRotation.w
      value: 1
      objectReference: {fileID: 0}
    - target: {fileID: 4875392971546726, guid: 093d95d5ada1e404fa2e665e45b3c692, type: 3}
      propertyPath: m_LocalRotation.x
      value: 0
      objectReference: {fileID: 0}
    - target: {fileID: 4875392971546726, guid: 093d95d5ada1e404fa2e665e45b3c692, type: 3}
      propertyPath: m_LocalRotation.y
      value: 0
      objectReference: {fileID: 0}
    - target: {fileID: 4875392971546726, guid: 093d95d5ada1e404fa2e665e45b3c692, type: 3}
      propertyPath: m_LocalRotation.z
      value: 0
      objectReference: {fileID: 0}
    - target: {fileID: 4875392971546726, guid: 093d95d5ada1e404fa2e665e45b3c692, type: 3}
      propertyPath: m_LocalEulerAnglesHint.x
      value: 0
      objectReference: {fileID: 0}
    - target: {fileID: 4875392971546726, guid: 093d95d5ada1e404fa2e665e45b3c692, type: 3}
      propertyPath: m_LocalEulerAnglesHint.y
      value: 0
      objectReference: {fileID: 0}
    - target: {fileID: 4875392971546726, guid: 093d95d5ada1e404fa2e665e45b3c692, type: 3}
      propertyPath: m_LocalEulerAnglesHint.z
      value: 0
      objectReference: {fileID: 0}
    - target: {fileID: 3013195103163533777, guid: 093d95d5ada1e404fa2e665e45b3c692,
        type: 3}
      propertyPath: m_LocalScale.x
      value: 0.35
      objectReference: {fileID: 0}
    m_RemovedComponents: []
    m_RemovedGameObjects: []
    m_AddedGameObjects: []
    m_AddedComponents: []
  m_SourcePrefab: {fileID: 100100000, guid: 093d95d5ada1e404fa2e665e45b3c692, type: 3}
--- !u!4 &741367239976558358 stripped
Transform:
  m_CorrespondingSourceObject: {fileID: 4875392971546726, guid: 093d95d5ada1e404fa2e665e45b3c692,
    type: 3}
  m_PrefabInstance: {fileID: 745503755694227312}
  m_PrefabAsset: {fileID: 0}
--- !u!1001 &1380713480661640560
PrefabInstance:
  m_ObjectHideFlags: 0
  serializedVersion: 2
  m_Modification:
    serializedVersion: 3
    m_TransformParent: {fileID: 4551972304360292}
    m_Modifications:
    - target: {fileID: 1485244063864546, guid: 093d95d5ada1e404fa2e665e45b3c692, type: 3}
      propertyPath: m_Name
      value: Block (3)
      objectReference: {fileID: 0}
    - target: {fileID: 4875392971546726, guid: 093d95d5ada1e404fa2e665e45b3c692, type: 3}
      propertyPath: m_RootOrder
      value: 0
      objectReference: {fileID: 0}
    - target: {fileID: 4875392971546726, guid: 093d95d5ada1e404fa2e665e45b3c692, type: 3}
      propertyPath: m_LocalScale.x
      value: 1.5
      objectReference: {fileID: 0}
    - target: {fileID: 4875392971546726, guid: 093d95d5ada1e404fa2e665e45b3c692, type: 3}
      propertyPath: m_LocalPosition.x
      value: 47.13
      objectReference: {fileID: 0}
    - target: {fileID: 4875392971546726, guid: 093d95d5ada1e404fa2e665e45b3c692, type: 3}
      propertyPath: m_LocalPosition.y
      value: 1.09
      objectReference: {fileID: 0}
    - target: {fileID: 4875392971546726, guid: 093d95d5ada1e404fa2e665e45b3c692, type: 3}
      propertyPath: m_LocalPosition.z
      value: 0
      objectReference: {fileID: 0}
    - target: {fileID: 4875392971546726, guid: 093d95d5ada1e404fa2e665e45b3c692, type: 3}
      propertyPath: m_LocalRotation.w
      value: 1
      objectReference: {fileID: 0}
    - target: {fileID: 4875392971546726, guid: 093d95d5ada1e404fa2e665e45b3c692, type: 3}
      propertyPath: m_LocalRotation.x
      value: 0
      objectReference: {fileID: 0}
    - target: {fileID: 4875392971546726, guid: 093d95d5ada1e404fa2e665e45b3c692, type: 3}
      propertyPath: m_LocalRotation.y
      value: 0
      objectReference: {fileID: 0}
    - target: {fileID: 4875392971546726, guid: 093d95d5ada1e404fa2e665e45b3c692, type: 3}
      propertyPath: m_LocalRotation.z
      value: 0
      objectReference: {fileID: 0}
    - target: {fileID: 4875392971546726, guid: 093d95d5ada1e404fa2e665e45b3c692, type: 3}
      propertyPath: m_LocalEulerAnglesHint.x
      value: 0
      objectReference: {fileID: 0}
    - target: {fileID: 4875392971546726, guid: 093d95d5ada1e404fa2e665e45b3c692, type: 3}
      propertyPath: m_LocalEulerAnglesHint.y
      value: 0
      objectReference: {fileID: 0}
    - target: {fileID: 4875392971546726, guid: 093d95d5ada1e404fa2e665e45b3c692, type: 3}
      propertyPath: m_LocalEulerAnglesHint.z
      value: 0
      objectReference: {fileID: 0}
    - target: {fileID: 3013195103163533777, guid: 093d95d5ada1e404fa2e665e45b3c692,
        type: 3}
      propertyPath: m_LocalScale.x
      value: 0.35
      objectReference: {fileID: 0}
    m_RemovedComponents: []
    m_RemovedGameObjects: []
    m_AddedGameObjects: []
    m_AddedComponents: []
  m_SourcePrefab: {fileID: 100100000, guid: 093d95d5ada1e404fa2e665e45b3c692, type: 3}
--- !u!4 &1384880784851830038 stripped
Transform:
  m_CorrespondingSourceObject: {fileID: 4875392971546726, guid: 093d95d5ada1e404fa2e665e45b3c692,
    type: 3}
  m_PrefabInstance: {fileID: 1380713480661640560}
  m_PrefabAsset: {fileID: 0}
--- !u!1001 &2377758530295750515
PrefabInstance:
  m_ObjectHideFlags: 0
  serializedVersion: 2
  m_Modification:
    serializedVersion: 3
    m_TransformParent: {fileID: 4551972304360292}
    m_Modifications:
    - target: {fileID: 1214162638093782, guid: 5b3590772f8076e448cfdbbee61c0c94, type: 3}
      propertyPath: m_Name
      value: MovingBlock (2)
      objectReference: {fileID: 0}
    - target: {fileID: 4403225247367506, guid: 5b3590772f8076e448cfdbbee61c0c94, type: 3}
      propertyPath: m_LocalPosition.y
      value: 4.44
      objectReference: {fileID: 0}
    - target: {fileID: 4731494455296472, guid: 5b3590772f8076e448cfdbbee61c0c94, type: 3}
      propertyPath: m_RootOrder
      value: 0
      objectReference: {fileID: 0}
    - target: {fileID: 4731494455296472, guid: 5b3590772f8076e448cfdbbee61c0c94, type: 3}
      propertyPath: m_LocalPosition.x
      value: 27.51
      objectReference: {fileID: 0}
    - target: {fileID: 4731494455296472, guid: 5b3590772f8076e448cfdbbee61c0c94, type: 3}
      propertyPath: m_LocalPosition.y
      value: -1.96
      objectReference: {fileID: 0}
    - target: {fileID: 4731494455296472, guid: 5b3590772f8076e448cfdbbee61c0c94, type: 3}
      propertyPath: m_LocalPosition.z
      value: 0
      objectReference: {fileID: 0}
    - target: {fileID: 4731494455296472, guid: 5b3590772f8076e448cfdbbee61c0c94, type: 3}
      propertyPath: m_LocalRotation.w
      value: 1
      objectReference: {fileID: 0}
    - target: {fileID: 4731494455296472, guid: 5b3590772f8076e448cfdbbee61c0c94, type: 3}
      propertyPath: m_LocalRotation.x
      value: 0
      objectReference: {fileID: 0}
    - target: {fileID: 4731494455296472, guid: 5b3590772f8076e448cfdbbee61c0c94, type: 3}
      propertyPath: m_LocalRotation.y
      value: 0
      objectReference: {fileID: 0}
    - target: {fileID: 4731494455296472, guid: 5b3590772f8076e448cfdbbee61c0c94, type: 3}
      propertyPath: m_LocalRotation.z
      value: 0
      objectReference: {fileID: 0}
    - target: {fileID: 4731494455296472, guid: 5b3590772f8076e448cfdbbee61c0c94, type: 3}
      propertyPath: m_LocalEulerAnglesHint.x
      value: 0
      objectReference: {fileID: 0}
    - target: {fileID: 4731494455296472, guid: 5b3590772f8076e448cfdbbee61c0c94, type: 3}
      propertyPath: m_LocalEulerAnglesHint.y
      value: 0
      objectReference: {fileID: 0}
    - target: {fileID: 4731494455296472, guid: 5b3590772f8076e448cfdbbee61c0c94, type: 3}
      propertyPath: m_LocalEulerAnglesHint.z
      value: 0
      objectReference: {fileID: 0}
    - target: {fileID: 114761444031487610, guid: 5b3590772f8076e448cfdbbee61c0c94,
        type: 3}
      propertyPath: speed
      value: 4.5
      objectReference: {fileID: 0}
    - target: {fileID: 9062822208647474394, guid: 5b3590772f8076e448cfdbbee61c0c94,
        type: 3}
      propertyPath: m_LocalScale.x
      value: 0.7
      objectReference: {fileID: 0}
    m_RemovedComponents: []
    m_RemovedGameObjects: []
    m_AddedGameObjects: []
    m_AddedComponents: []
  m_SourcePrefab: {fileID: 100100000, guid: 5b3590772f8076e448cfdbbee61c0c94, type: 3}
--- !u!4 &2373310751716482731 stripped
Transform:
  m_CorrespondingSourceObject: {fileID: 4731494455296472, guid: 5b3590772f8076e448cfdbbee61c0c94,
    type: 3}
  m_PrefabInstance: {fileID: 2377758530295750515}
  m_PrefabAsset: {fileID: 0}
--- !u!1001 &3565986995434144328
PrefabInstance:
  m_ObjectHideFlags: 0
  serializedVersion: 2
  m_Modification:
    serializedVersion: 3
    m_TransformParent: {fileID: 375121301675662090}
    m_Modifications:
    - target: {fileID: 4248656609890869170, guid: 5036c9e76c561ae49ae7097a6b8d2d7a,
        type: 3}
      propertyPath: m_IsActive
      value: 0
      objectReference: {fileID: 0}
    - target: {fileID: 8718240272869314502, guid: 5036c9e76c561ae49ae7097a6b8d2d7a,
        type: 3}
      propertyPath: m_RootOrder
      value: 0
      objectReference: {fileID: 0}
    - target: {fileID: 8718240272869314502, guid: 5036c9e76c561ae49ae7097a6b8d2d7a,
        type: 3}
      propertyPath: m_LocalPosition.x
      value: 14.63
      objectReference: {fileID: 0}
    - target: {fileID: 8718240272869314502, guid: 5036c9e76c561ae49ae7097a6b8d2d7a,
        type: 3}
      propertyPath: m_LocalPosition.y
      value: 2.06
      objectReference: {fileID: 0}
    - target: {fileID: 8718240272869314502, guid: 5036c9e76c561ae49ae7097a6b8d2d7a,
        type: 3}
      propertyPath: m_LocalPosition.z
      value: 0
      objectReference: {fileID: 0}
    - target: {fileID: 8718240272869314502, guid: 5036c9e76c561ae49ae7097a6b8d2d7a,
        type: 3}
      propertyPath: m_LocalRotation.w
      value: 1
      objectReference: {fileID: 0}
    - target: {fileID: 8718240272869314502, guid: 5036c9e76c561ae49ae7097a6b8d2d7a,
        type: 3}
      propertyPath: m_LocalRotation.x
      value: 0
      objectReference: {fileID: 0}
    - target: {fileID: 8718240272869314502, guid: 5036c9e76c561ae49ae7097a6b8d2d7a,
        type: 3}
      propertyPath: m_LocalRotation.y
      value: 0
      objectReference: {fileID: 0}
    - target: {fileID: 8718240272869314502, guid: 5036c9e76c561ae49ae7097a6b8d2d7a,
        type: 3}
      propertyPath: m_LocalRotation.z
      value: 0
      objectReference: {fileID: 0}
    - target: {fileID: 8718240272869314502, guid: 5036c9e76c561ae49ae7097a6b8d2d7a,
        type: 3}
      propertyPath: m_LocalEulerAnglesHint.x
      value: 0
      objectReference: {fileID: 0}
    - target: {fileID: 8718240272869314502, guid: 5036c9e76c561ae49ae7097a6b8d2d7a,
        type: 3}
      propertyPath: m_LocalEulerAnglesHint.y
      value: 0
      objectReference: {fileID: 0}
    - target: {fileID: 8718240272869314502, guid: 5036c9e76c561ae49ae7097a6b8d2d7a,
        type: 3}
      propertyPath: m_LocalEulerAnglesHint.z
      value: 0
      objectReference: {fileID: 0}
    - target: {fileID: 8718240272869314503, guid: 5036c9e76c561ae49ae7097a6b8d2d7a,
        type: 3}
      propertyPath: m_Name
      value: StingCircle (1)
      objectReference: {fileID: 0}
    m_RemovedComponents: []
    m_RemovedGameObjects: []
    m_AddedGameObjects: []
    m_AddedComponents: []
  m_SourcePrefab: {fileID: 100100000, guid: 5036c9e76c561ae49ae7097a6b8d2d7a, type: 3}
--- !u!4 &5296663144559709582 stripped
Transform:
  m_CorrespondingSourceObject: {fileID: 8718240272869314502, guid: 5036c9e76c561ae49ae7097a6b8d2d7a,
    type: 3}
  m_PrefabInstance: {fileID: 3565986995434144328}
  m_PrefabAsset: {fileID: 0}
--- !u!1001 &3584993460358573401
PrefabInstance:
  m_ObjectHideFlags: 0
  serializedVersion: 2
  m_Modification:
    serializedVersion: 3
    m_TransformParent: {fileID: 375121301675662090}
    m_Modifications:
    - target: {fileID: 4248656609890869170, guid: 5036c9e76c561ae49ae7097a6b8d2d7a,
        type: 3}
      propertyPath: m_IsActive
      value: 0
      objectReference: {fileID: 0}
    - target: {fileID: 8718240272869314502, guid: 5036c9e76c561ae49ae7097a6b8d2d7a,
        type: 3}
      propertyPath: m_RootOrder
      value: 0
      objectReference: {fileID: 0}
    - target: {fileID: 8718240272869314502, guid: 5036c9e76c561ae49ae7097a6b8d2d7a,
        type: 3}
      propertyPath: m_LocalPosition.x
      value: 45.48
      objectReference: {fileID: 0}
    - target: {fileID: 8718240272869314502, guid: 5036c9e76c561ae49ae7097a6b8d2d7a,
        type: 3}
      propertyPath: m_LocalPosition.y
      value: 1.16
      objectReference: {fileID: 0}
    - target: {fileID: 8718240272869314502, guid: 5036c9e76c561ae49ae7097a6b8d2d7a,
        type: 3}
      propertyPath: m_LocalPosition.z
      value: 0
      objectReference: {fileID: 0}
    - target: {fileID: 8718240272869314502, guid: 5036c9e76c561ae49ae7097a6b8d2d7a,
        type: 3}
      propertyPath: m_LocalRotation.w
      value: 1
      objectReference: {fileID: 0}
    - target: {fileID: 8718240272869314502, guid: 5036c9e76c561ae49ae7097a6b8d2d7a,
        type: 3}
      propertyPath: m_LocalRotation.x
      value: 0
      objectReference: {fileID: 0}
    - target: {fileID: 8718240272869314502, guid: 5036c9e76c561ae49ae7097a6b8d2d7a,
        type: 3}
      propertyPath: m_LocalRotation.y
      value: 0
      objectReference: {fileID: 0}
    - target: {fileID: 8718240272869314502, guid: 5036c9e76c561ae49ae7097a6b8d2d7a,
        type: 3}
      propertyPath: m_LocalRotation.z
      value: 0
      objectReference: {fileID: 0}
    - target: {fileID: 8718240272869314502, guid: 5036c9e76c561ae49ae7097a6b8d2d7a,
        type: 3}
      propertyPath: m_LocalEulerAnglesHint.x
      value: 0
      objectReference: {fileID: 0}
    - target: {fileID: 8718240272869314502, guid: 5036c9e76c561ae49ae7097a6b8d2d7a,
        type: 3}
      propertyPath: m_LocalEulerAnglesHint.y
      value: 0
      objectReference: {fileID: 0}
    - target: {fileID: 8718240272869314502, guid: 5036c9e76c561ae49ae7097a6b8d2d7a,
        type: 3}
      propertyPath: m_LocalEulerAnglesHint.z
      value: 0
      objectReference: {fileID: 0}
    - target: {fileID: 8718240272869314503, guid: 5036c9e76c561ae49ae7097a6b8d2d7a,
        type: 3}
      propertyPath: m_Name
      value: StingCircle (6)
      objectReference: {fileID: 0}
    m_RemovedComponents: []
    m_RemovedGameObjects: []
    m_AddedGameObjects: []
    m_AddedComponents: []
  m_SourcePrefab: {fileID: 100100000, guid: 5036c9e76c561ae49ae7097a6b8d2d7a, type: 3}
--- !u!4 &5277407154517844639 stripped
Transform:
  m_CorrespondingSourceObject: {fileID: 8718240272869314502, guid: 5036c9e76c561ae49ae7097a6b8d2d7a,
    type: 3}
  m_PrefabInstance: {fileID: 3584993460358573401}
  m_PrefabAsset: {fileID: 0}
--- !u!1001 &3686068834019856651
PrefabInstance:
  m_ObjectHideFlags: 0
  serializedVersion: 2
  m_Modification:
    serializedVersion: 3
    m_TransformParent: {fileID: 375121301675662090}
    m_Modifications:
    - target: {fileID: 4248656609890869170, guid: 5036c9e76c561ae49ae7097a6b8d2d7a,
        type: 3}
      propertyPath: m_IsActive
      value: 0
      objectReference: {fileID: 0}
    - target: {fileID: 8718240272869314502, guid: 5036c9e76c561ae49ae7097a6b8d2d7a,
        type: 3}
      propertyPath: m_RootOrder
      value: 0
      objectReference: {fileID: 0}
    - target: {fileID: 8718240272869314502, guid: 5036c9e76c561ae49ae7097a6b8d2d7a,
        type: 3}
      propertyPath: m_LocalPosition.x
      value: 39.31
      objectReference: {fileID: 0}
    - target: {fileID: 8718240272869314502, guid: 5036c9e76c561ae49ae7097a6b8d2d7a,
        type: 3}
      propertyPath: m_LocalPosition.y
      value: 1.71
      objectReference: {fileID: 0}
    - target: {fileID: 8718240272869314502, guid: 5036c9e76c561ae49ae7097a6b8d2d7a,
        type: 3}
      propertyPath: m_LocalPosition.z
      value: 0
      objectReference: {fileID: 0}
    - target: {fileID: 8718240272869314502, guid: 5036c9e76c561ae49ae7097a6b8d2d7a,
        type: 3}
      propertyPath: m_LocalRotation.w
      value: 1
      objectReference: {fileID: 0}
    - target: {fileID: 8718240272869314502, guid: 5036c9e76c561ae49ae7097a6b8d2d7a,
        type: 3}
      propertyPath: m_LocalRotation.x
      value: 0
      objectReference: {fileID: 0}
    - target: {fileID: 8718240272869314502, guid: 5036c9e76c561ae49ae7097a6b8d2d7a,
        type: 3}
      propertyPath: m_LocalRotation.y
      value: 0
      objectReference: {fileID: 0}
    - target: {fileID: 8718240272869314502, guid: 5036c9e76c561ae49ae7097a6b8d2d7a,
        type: 3}
      propertyPath: m_LocalRotation.z
      value: 0
      objectReference: {fileID: 0}
    - target: {fileID: 8718240272869314502, guid: 5036c9e76c561ae49ae7097a6b8d2d7a,
        type: 3}
      propertyPath: m_LocalEulerAnglesHint.x
      value: 0
      objectReference: {fileID: 0}
    - target: {fileID: 8718240272869314502, guid: 5036c9e76c561ae49ae7097a6b8d2d7a,
        type: 3}
      propertyPath: m_LocalEulerAnglesHint.y
      value: 0
      objectReference: {fileID: 0}
    - target: {fileID: 8718240272869314502, guid: 5036c9e76c561ae49ae7097a6b8d2d7a,
        type: 3}
      propertyPath: m_LocalEulerAnglesHint.z
      value: 0
      objectReference: {fileID: 0}
    - target: {fileID: 8718240272869314503, guid: 5036c9e76c561ae49ae7097a6b8d2d7a,
        type: 3}
      propertyPath: m_Name
      value: StingCircle (4)
      objectReference: {fileID: 0}
    m_RemovedComponents: []
    m_RemovedGameObjects: []
    m_AddedGameObjects: []
    m_AddedComponents: []
  m_SourcePrefab: {fileID: 100100000, guid: 5036c9e76c561ae49ae7097a6b8d2d7a, type: 3}
--- !u!4 &5465933184154017485 stripped
Transform:
  m_CorrespondingSourceObject: {fileID: 8718240272869314502, guid: 5036c9e76c561ae49ae7097a6b8d2d7a,
    type: 3}
  m_PrefabInstance: {fileID: 3686068834019856651}
  m_PrefabAsset: {fileID: 0}
--- !u!1001 &4378768515881361354
PrefabInstance:
  m_ObjectHideFlags: 0
  serializedVersion: 2
  m_Modification:
    serializedVersion: 3
    m_TransformParent: {fileID: 375121301675662090}
    m_Modifications:
    - target: {fileID: 4248656609890869170, guid: 5036c9e76c561ae49ae7097a6b8d2d7a,
        type: 3}
      propertyPath: m_IsActive
      value: 0
      objectReference: {fileID: 0}
    - target: {fileID: 8718240272869314502, guid: 5036c9e76c561ae49ae7097a6b8d2d7a,
        type: 3}
      propertyPath: m_RootOrder
      value: 0
      objectReference: {fileID: 0}
    - target: {fileID: 8718240272869314502, guid: 5036c9e76c561ae49ae7097a6b8d2d7a,
        type: 3}
      propertyPath: m_LocalPosition.x
      value: 39.31
      objectReference: {fileID: 0}
    - target: {fileID: 8718240272869314502, guid: 5036c9e76c561ae49ae7097a6b8d2d7a,
        type: 3}
      propertyPath: m_LocalPosition.y
      value: -0.39
      objectReference: {fileID: 0}
    - target: {fileID: 8718240272869314502, guid: 5036c9e76c561ae49ae7097a6b8d2d7a,
        type: 3}
      propertyPath: m_LocalPosition.z
      value: 0
      objectReference: {fileID: 0}
    - target: {fileID: 8718240272869314502, guid: 5036c9e76c561ae49ae7097a6b8d2d7a,
        type: 3}
      propertyPath: m_LocalRotation.w
      value: 1
      objectReference: {fileID: 0}
    - target: {fileID: 8718240272869314502, guid: 5036c9e76c561ae49ae7097a6b8d2d7a,
        type: 3}
      propertyPath: m_LocalRotation.x
      value: 0
      objectReference: {fileID: 0}
    - target: {fileID: 8718240272869314502, guid: 5036c9e76c561ae49ae7097a6b8d2d7a,
        type: 3}
      propertyPath: m_LocalRotation.y
      value: 0
      objectReference: {fileID: 0}
    - target: {fileID: 8718240272869314502, guid: 5036c9e76c561ae49ae7097a6b8d2d7a,
        type: 3}
      propertyPath: m_LocalRotation.z
      value: 0
      objectReference: {fileID: 0}
    - target: {fileID: 8718240272869314502, guid: 5036c9e76c561ae49ae7097a6b8d2d7a,
        type: 3}
      propertyPath: m_LocalEulerAnglesHint.x
      value: 0
      objectReference: {fileID: 0}
    - target: {fileID: 8718240272869314502, guid: 5036c9e76c561ae49ae7097a6b8d2d7a,
        type: 3}
      propertyPath: m_LocalEulerAnglesHint.y
      value: 0
      objectReference: {fileID: 0}
    - target: {fileID: 8718240272869314502, guid: 5036c9e76c561ae49ae7097a6b8d2d7a,
        type: 3}
      propertyPath: m_LocalEulerAnglesHint.z
      value: 0
      objectReference: {fileID: 0}
    - target: {fileID: 8718240272869314503, guid: 5036c9e76c561ae49ae7097a6b8d2d7a,
        type: 3}
      propertyPath: m_Name
      value: StingCircle (5)
      objectReference: {fileID: 0}
    m_RemovedComponents: []
    m_RemovedGameObjects: []
    m_AddedGameObjects: []
    m_AddedComponents: []
  m_SourcePrefab: {fileID: 100100000, guid: 5036c9e76c561ae49ae7097a6b8d2d7a, type: 3}
--- !u!4 &4916219496456556556 stripped
Transform:
  m_CorrespondingSourceObject: {fileID: 8718240272869314502, guid: 5036c9e76c561ae49ae7097a6b8d2d7a,
    type: 3}
  m_PrefabInstance: {fileID: 4378768515881361354}
  m_PrefabAsset: {fileID: 0}
--- !u!1001 &5540654243516767406
PrefabInstance:
  m_ObjectHideFlags: 0
  serializedVersion: 2
  m_Modification:
    serializedVersion: 3
    m_TransformParent: {fileID: 375121301675662090}
    m_Modifications:
    - target: {fileID: 4248656609890869170, guid: 5036c9e76c561ae49ae7097a6b8d2d7a,
        type: 3}
      propertyPath: m_IsActive
      value: 0
      objectReference: {fileID: 0}
    - target: {fileID: 8718240272869314502, guid: 5036c9e76c561ae49ae7097a6b8d2d7a,
        type: 3}
      propertyPath: m_RootOrder
      value: 0
      objectReference: {fileID: 0}
    - target: {fileID: 8718240272869314502, guid: 5036c9e76c561ae49ae7097a6b8d2d7a,
        type: 3}
      propertyPath: m_LocalPosition.x
      value: 7.99
      objectReference: {fileID: 0}
    - target: {fileID: 8718240272869314502, guid: 5036c9e76c561ae49ae7097a6b8d2d7a,
        type: 3}
      propertyPath: m_LocalPosition.y
      value: 1.63
      objectReference: {fileID: 0}
    - target: {fileID: 8718240272869314502, guid: 5036c9e76c561ae49ae7097a6b8d2d7a,
        type: 3}
      propertyPath: m_LocalPosition.z
      value: 0
      objectReference: {fileID: 0}
    - target: {fileID: 8718240272869314502, guid: 5036c9e76c561ae49ae7097a6b8d2d7a,
        type: 3}
      propertyPath: m_LocalRotation.w
      value: 1
      objectReference: {fileID: 0}
    - target: {fileID: 8718240272869314502, guid: 5036c9e76c561ae49ae7097a6b8d2d7a,
        type: 3}
      propertyPath: m_LocalRotation.x
      value: 0
      objectReference: {fileID: 0}
    - target: {fileID: 8718240272869314502, guid: 5036c9e76c561ae49ae7097a6b8d2d7a,
        type: 3}
      propertyPath: m_LocalRotation.y
      value: 0
      objectReference: {fileID: 0}
    - target: {fileID: 8718240272869314502, guid: 5036c9e76c561ae49ae7097a6b8d2d7a,
        type: 3}
      propertyPath: m_LocalRotation.z
      value: 0
      objectReference: {fileID: 0}
    - target: {fileID: 8718240272869314502, guid: 5036c9e76c561ae49ae7097a6b8d2d7a,
        type: 3}
      propertyPath: m_LocalEulerAnglesHint.x
      value: 0
      objectReference: {fileID: 0}
    - target: {fileID: 8718240272869314502, guid: 5036c9e76c561ae49ae7097a6b8d2d7a,
        type: 3}
      propertyPath: m_LocalEulerAnglesHint.y
      value: 0
      objectReference: {fileID: 0}
    - target: {fileID: 8718240272869314502, guid: 5036c9e76c561ae49ae7097a6b8d2d7a,
        type: 3}
      propertyPath: m_LocalEulerAnglesHint.z
      value: 0
      objectReference: {fileID: 0}
    - target: {fileID: 8718240272869314503, guid: 5036c9e76c561ae49ae7097a6b8d2d7a,
        type: 3}
      propertyPath: m_Name
      value: StingCircle
      objectReference: {fileID: 0}
    m_RemovedComponents: []
    m_RemovedGameObjects: []
    m_AddedGameObjects: []
    m_AddedComponents: []
  m_SourcePrefab: {fileID: 100100000, guid: 5036c9e76c561ae49ae7097a6b8d2d7a, type: 3}
--- !u!4 &3754087820339352424 stripped
Transform:
  m_CorrespondingSourceObject: {fileID: 8718240272869314502, guid: 5036c9e76c561ae49ae7097a6b8d2d7a,
    type: 3}
  m_PrefabInstance: {fileID: 5540654243516767406}
  m_PrefabAsset: {fileID: 0}
--- !u!1001 &5737756761498743152
PrefabInstance:
  m_ObjectHideFlags: 0
  serializedVersion: 2
  m_Modification:
    serializedVersion: 3
    m_TransformParent: {fileID: 375121301675662090}
    m_Modifications:
    - target: {fileID: 4248656609890869170, guid: 5036c9e76c561ae49ae7097a6b8d2d7a,
        type: 3}
      propertyPath: m_IsActive
      value: 0
      objectReference: {fileID: 0}
    - target: {fileID: 8718240272869314502, guid: 5036c9e76c561ae49ae7097a6b8d2d7a,
        type: 3}
      propertyPath: m_RootOrder
      value: 0
      objectReference: {fileID: 0}
    - target: {fileID: 8718240272869314502, guid: 5036c9e76c561ae49ae7097a6b8d2d7a,
        type: 3}
      propertyPath: m_LocalPosition.x
      value: 26.16
      objectReference: {fileID: 0}
    - target: {fileID: 8718240272869314502, guid: 5036c9e76c561ae49ae7097a6b8d2d7a,
        type: 3}
      propertyPath: m_LocalPosition.y
      value: -1.1
      objectReference: {fileID: 0}
    - target: {fileID: 8718240272869314502, guid: 5036c9e76c561ae49ae7097a6b8d2d7a,
        type: 3}
      propertyPath: m_LocalPosition.z
      value: 0
      objectReference: {fileID: 0}
    - target: {fileID: 8718240272869314502, guid: 5036c9e76c561ae49ae7097a6b8d2d7a,
        type: 3}
      propertyPath: m_LocalRotation.w
      value: 1
      objectReference: {fileID: 0}
    - target: {fileID: 8718240272869314502, guid: 5036c9e76c561ae49ae7097a6b8d2d7a,
        type: 3}
      propertyPath: m_LocalRotation.x
      value: 0
      objectReference: {fileID: 0}
    - target: {fileID: 8718240272869314502, guid: 5036c9e76c561ae49ae7097a6b8d2d7a,
        type: 3}
      propertyPath: m_LocalRotation.y
      value: 0
      objectReference: {fileID: 0}
    - target: {fileID: 8718240272869314502, guid: 5036c9e76c561ae49ae7097a6b8d2d7a,
        type: 3}
      propertyPath: m_LocalRotation.z
      value: 0
      objectReference: {fileID: 0}
    - target: {fileID: 8718240272869314502, guid: 5036c9e76c561ae49ae7097a6b8d2d7a,
        type: 3}
      propertyPath: m_LocalEulerAnglesHint.x
      value: 0
      objectReference: {fileID: 0}
    - target: {fileID: 8718240272869314502, guid: 5036c9e76c561ae49ae7097a6b8d2d7a,
        type: 3}
      propertyPath: m_LocalEulerAnglesHint.y
      value: 0
      objectReference: {fileID: 0}
    - target: {fileID: 8718240272869314502, guid: 5036c9e76c561ae49ae7097a6b8d2d7a,
        type: 3}
      propertyPath: m_LocalEulerAnglesHint.z
      value: 0
      objectReference: {fileID: 0}
    - target: {fileID: 8718240272869314503, guid: 5036c9e76c561ae49ae7097a6b8d2d7a,
        type: 3}
      propertyPath: m_Name
      value: StingCircle (3)
      objectReference: {fileID: 0}
    m_RemovedComponents: []
    m_RemovedGameObjects: []
    m_AddedGameObjects: []
    m_AddedComponents: []
  m_SourcePrefab: {fileID: 100100000, guid: 5036c9e76c561ae49ae7097a6b8d2d7a, type: 3}
--- !u!4 &3989610968246861494 stripped
Transform:
  m_CorrespondingSourceObject: {fileID: 8718240272869314502, guid: 5036c9e76c561ae49ae7097a6b8d2d7a,
    type: 3}
  m_PrefabInstance: {fileID: 5737756761498743152}
  m_PrefabAsset: {fileID: 0}
--- !u!1001 &6142675619864281490
PrefabInstance:
  m_ObjectHideFlags: 0
  serializedVersion: 2
  m_Modification:
    serializedVersion: 3
    m_TransformParent: {fileID: 4551972304360292}
    m_Modifications:
    - target: {fileID: 1214162638093782, guid: 5b3590772f8076e448cfdbbee61c0c94, type: 3}
      propertyPath: m_Name
      value: MovingBlock
      objectReference: {fileID: 0}
    - target: {fileID: 4731494455296472, guid: 5b3590772f8076e448cfdbbee61c0c94, type: 3}
      propertyPath: m_RootOrder
      value: 0
      objectReference: {fileID: 0}
    - target: {fileID: 4731494455296472, guid: 5b3590772f8076e448cfdbbee61c0c94, type: 3}
      propertyPath: m_LocalPosition.x
      value: 1.47
      objectReference: {fileID: 0}
    - target: {fileID: 4731494455296472, guid: 5b3590772f8076e448cfdbbee61c0c94, type: 3}
      propertyPath: m_LocalPosition.y
      value: -1.09
      objectReference: {fileID: 0}
    - target: {fileID: 4731494455296472, guid: 5b3590772f8076e448cfdbbee61c0c94, type: 3}
      propertyPath: m_LocalPosition.z
      value: 0
      objectReference: {fileID: 0}
    - target: {fileID: 4731494455296472, guid: 5b3590772f8076e448cfdbbee61c0c94, type: 3}
      propertyPath: m_LocalRotation.w
      value: 1
      objectReference: {fileID: 0}
    - target: {fileID: 4731494455296472, guid: 5b3590772f8076e448cfdbbee61c0c94, type: 3}
      propertyPath: m_LocalRotation.x
      value: 0
      objectReference: {fileID: 0}
    - target: {fileID: 4731494455296472, guid: 5b3590772f8076e448cfdbbee61c0c94, type: 3}
      propertyPath: m_LocalRotation.y
      value: 0
      objectReference: {fileID: 0}
    - target: {fileID: 4731494455296472, guid: 5b3590772f8076e448cfdbbee61c0c94, type: 3}
      propertyPath: m_LocalRotation.z
      value: 0
      objectReference: {fileID: 0}
    - target: {fileID: 4731494455296472, guid: 5b3590772f8076e448cfdbbee61c0c94, type: 3}
      propertyPath: m_LocalEulerAnglesHint.x
      value: 0
      objectReference: {fileID: 0}
    - target: {fileID: 4731494455296472, guid: 5b3590772f8076e448cfdbbee61c0c94, type: 3}
      propertyPath: m_LocalEulerAnglesHint.y
      value: 0
      objectReference: {fileID: 0}
    - target: {fileID: 4731494455296472, guid: 5b3590772f8076e448cfdbbee61c0c94, type: 3}
      propertyPath: m_LocalEulerAnglesHint.z
      value: 0
      objectReference: {fileID: 0}
    - target: {fileID: 114761444031487610, guid: 5b3590772f8076e448cfdbbee61c0c94,
        type: 3}
      propertyPath: speed
      value: 3
      objectReference: {fileID: 0}
    m_RemovedComponents: []
    m_RemovedGameObjects: []
    m_AddedGameObjects: []
    m_AddedComponents: []
  m_SourcePrefab: {fileID: 100100000, guid: 5b3590772f8076e448cfdbbee61c0c94, type: 3}
--- !u!4 &6138377338426310730 stripped
Transform:
  m_CorrespondingSourceObject: {fileID: 4731494455296472, guid: 5b3590772f8076e448cfdbbee61c0c94,
    type: 3}
  m_PrefabInstance: {fileID: 6142675619864281490}
  m_PrefabAsset: {fileID: 0}
--- !u!1001 &6350398552596987425
PrefabInstance:
  m_ObjectHideFlags: 0
  serializedVersion: 2
  m_Modification:
    serializedVersion: 3
    m_TransformParent: {fileID: 4551972304360292}
    m_Modifications:
    - target: {fileID: 1485244063864546, guid: 093d95d5ada1e404fa2e665e45b3c692, type: 3}
      propertyPath: m_Name
      value: Block (1)
      objectReference: {fileID: 0}
    - target: {fileID: 4875392971546726, guid: 093d95d5ada1e404fa2e665e45b3c692, type: 3}
      propertyPath: m_RootOrder
      value: 0
      objectReference: {fileID: 0}
    - target: {fileID: 4875392971546726, guid: 093d95d5ada1e404fa2e665e45b3c692, type: 3}
      propertyPath: m_LocalScale.x
      value: 1.5
      objectReference: {fileID: 0}
    - target: {fileID: 4875392971546726, guid: 093d95d5ada1e404fa2e665e45b3c692, type: 3}
      propertyPath: m_LocalPosition.x
      value: 33.58
      objectReference: {fileID: 0}
    - target: {fileID: 4875392971546726, guid: 093d95d5ada1e404fa2e665e45b3c692, type: 3}
      propertyPath: m_LocalPosition.y
      value: 0.100000024
      objectReference: {fileID: 0}
    - target: {fileID: 4875392971546726, guid: 093d95d5ada1e404fa2e665e45b3c692, type: 3}
      propertyPath: m_LocalPosition.z
      value: 0
      objectReference: {fileID: 0}
    - target: {fileID: 4875392971546726, guid: 093d95d5ada1e404fa2e665e45b3c692, type: 3}
      propertyPath: m_LocalRotation.w
      value: 1
      objectReference: {fileID: 0}
    - target: {fileID: 4875392971546726, guid: 093d95d5ada1e404fa2e665e45b3c692, type: 3}
      propertyPath: m_LocalRotation.x
      value: 0
      objectReference: {fileID: 0}
    - target: {fileID: 4875392971546726, guid: 093d95d5ada1e404fa2e665e45b3c692, type: 3}
      propertyPath: m_LocalRotation.y
      value: 0
      objectReference: {fileID: 0}
    - target: {fileID: 4875392971546726, guid: 093d95d5ada1e404fa2e665e45b3c692, type: 3}
      propertyPath: m_LocalRotation.z
      value: 0
      objectReference: {fileID: 0}
    - target: {fileID: 4875392971546726, guid: 093d95d5ada1e404fa2e665e45b3c692, type: 3}
      propertyPath: m_LocalEulerAnglesHint.x
      value: 0
      objectReference: {fileID: 0}
    - target: {fileID: 4875392971546726, guid: 093d95d5ada1e404fa2e665e45b3c692, type: 3}
      propertyPath: m_LocalEulerAnglesHint.y
      value: 0
      objectReference: {fileID: 0}
    - target: {fileID: 4875392971546726, guid: 093d95d5ada1e404fa2e665e45b3c692, type: 3}
      propertyPath: m_LocalEulerAnglesHint.z
      value: 0
      objectReference: {fileID: 0}
    - target: {fileID: 3013195103163533777, guid: 093d95d5ada1e404fa2e665e45b3c692,
        type: 3}
      propertyPath: m_LocalScale.x
      value: 0.5
      objectReference: {fileID: 0}
    m_RemovedComponents: []
    m_RemovedGameObjects: []
    m_AddedGameObjects: []
    m_AddedComponents: []
  m_SourcePrefab: {fileID: 100100000, guid: 093d95d5ada1e404fa2e665e45b3c692, type: 3}
--- !u!4 &6354710958027775559 stripped
Transform:
  m_CorrespondingSourceObject: {fileID: 4875392971546726, guid: 093d95d5ada1e404fa2e665e45b3c692,
    type: 3}
  m_PrefabInstance: {fileID: 6350398552596987425}
  m_PrefabAsset: {fileID: 0}
--- !u!1001 &7275941705937742109
PrefabInstance:
  m_ObjectHideFlags: 0
  serializedVersion: 2
  m_Modification:
    serializedVersion: 3
    m_TransformParent: {fileID: 4710971383091664}
    m_Modifications:
    - target: {fileID: 2320551842207795533, guid: 76916d4175c432e46800cce8299bfa6a,
        type: 3}
      propertyPath: m_Name
      value: EndPoint
      objectReference: {fileID: 0}
    - target: {fileID: 2323631769857205585, guid: 76916d4175c432e46800cce8299bfa6a,
        type: 3}
      propertyPath: m_RootOrder
      value: 2
      objectReference: {fileID: 0}
    - target: {fileID: 2323631769857205585, guid: 76916d4175c432e46800cce8299bfa6a,
        type: 3}
      propertyPath: m_LocalPosition.x
      value: 50
      objectReference: {fileID: 0}
    - target: {fileID: 2323631769857205585, guid: 76916d4175c432e46800cce8299bfa6a,
        type: 3}
      propertyPath: m_LocalPosition.y
      value: 0
      objectReference: {fileID: 0}
    - target: {fileID: 2323631769857205585, guid: 76916d4175c432e46800cce8299bfa6a,
        type: 3}
      propertyPath: m_LocalPosition.z
      value: 0
      objectReference: {fileID: 0}
    - target: {fileID: 2323631769857205585, guid: 76916d4175c432e46800cce8299bfa6a,
        type: 3}
      propertyPath: m_LocalRotation.w
      value: 1
      objectReference: {fileID: 0}
    - target: {fileID: 2323631769857205585, guid: 76916d4175c432e46800cce8299bfa6a,
        type: 3}
      propertyPath: m_LocalRotation.x
      value: 0
      objectReference: {fileID: 0}
    - target: {fileID: 2323631769857205585, guid: 76916d4175c432e46800cce8299bfa6a,
        type: 3}
      propertyPath: m_LocalRotation.y
      value: 0
      objectReference: {fileID: 0}
    - target: {fileID: 2323631769857205585, guid: 76916d4175c432e46800cce8299bfa6a,
        type: 3}
      propertyPath: m_LocalRotation.z
      value: 0
      objectReference: {fileID: 0}
    - target: {fileID: 2323631769857205585, guid: 76916d4175c432e46800cce8299bfa6a,
        type: 3}
      propertyPath: m_LocalEulerAnglesHint.x
      value: 0
      objectReference: {fileID: 0}
    - target: {fileID: 2323631769857205585, guid: 76916d4175c432e46800cce8299bfa6a,
        type: 3}
      propertyPath: m_LocalEulerAnglesHint.y
      value: 0
      objectReference: {fileID: 0}
    - target: {fileID: 2323631769857205585, guid: 76916d4175c432e46800cce8299bfa6a,
        type: 3}
      propertyPath: m_LocalEulerAnglesHint.z
      value: 0
      objectReference: {fileID: 0}
    m_RemovedComponents: []
    m_RemovedGameObjects: []
    m_AddedGameObjects: []
    m_AddedComponents: []
  m_SourcePrefab: {fileID: 100100000, guid: 76916d4175c432e46800cce8299bfa6a, type: 3}
--- !u!4 &4955759104161795148 stripped
Transform:
  m_CorrespondingSourceObject: {fileID: 2323631769857205585, guid: 76916d4175c432e46800cce8299bfa6a,
    type: 3}
  m_PrefabInstance: {fileID: 7275941705937742109}
  m_PrefabAsset: {fileID: 0}
--- !u!1001 &7315838245544644112
PrefabInstance:
  m_ObjectHideFlags: 0
  serializedVersion: 2
  m_Modification:
    serializedVersion: 3
    m_TransformParent: {fileID: 375121301675662090}
    m_Modifications:
    - target: {fileID: 4248656609890869170, guid: 5036c9e76c561ae49ae7097a6b8d2d7a,
        type: 3}
      propertyPath: m_IsActive
      value: 0
      objectReference: {fileID: 0}
    - target: {fileID: 8718240272869314502, guid: 5036c9e76c561ae49ae7097a6b8d2d7a,
        type: 3}
      propertyPath: m_RootOrder
      value: 0
      objectReference: {fileID: 0}
    - target: {fileID: 8718240272869314502, guid: 5036c9e76c561ae49ae7097a6b8d2d7a,
        type: 3}
      propertyPath: m_LocalPosition.x
      value: 26.16
      objectReference: {fileID: 0}
    - target: {fileID: 8718240272869314502, guid: 5036c9e76c561ae49ae7097a6b8d2d7a,
        type: 3}
      propertyPath: m_LocalPosition.y
      value: 4.18
      objectReference: {fileID: 0}
    - target: {fileID: 8718240272869314502, guid: 5036c9e76c561ae49ae7097a6b8d2d7a,
        type: 3}
      propertyPath: m_LocalPosition.z
      value: 0
      objectReference: {fileID: 0}
    - target: {fileID: 8718240272869314502, guid: 5036c9e76c561ae49ae7097a6b8d2d7a,
        type: 3}
      propertyPath: m_LocalRotation.w
      value: 1
      objectReference: {fileID: 0}
    - target: {fileID: 8718240272869314502, guid: 5036c9e76c561ae49ae7097a6b8d2d7a,
        type: 3}
      propertyPath: m_LocalRotation.x
      value: 0
      objectReference: {fileID: 0}
    - target: {fileID: 8718240272869314502, guid: 5036c9e76c561ae49ae7097a6b8d2d7a,
        type: 3}
      propertyPath: m_LocalRotation.y
      value: 0
      objectReference: {fileID: 0}
    - target: {fileID: 8718240272869314502, guid: 5036c9e76c561ae49ae7097a6b8d2d7a,
        type: 3}
      propertyPath: m_LocalRotation.z
      value: 0
      objectReference: {fileID: 0}
    - target: {fileID: 8718240272869314502, guid: 5036c9e76c561ae49ae7097a6b8d2d7a,
        type: 3}
      propertyPath: m_LocalEulerAnglesHint.x
      value: 0
      objectReference: {fileID: 0}
    - target: {fileID: 8718240272869314502, guid: 5036c9e76c561ae49ae7097a6b8d2d7a,
        type: 3}
      propertyPath: m_LocalEulerAnglesHint.y
      value: 0
      objectReference: {fileID: 0}
    - target: {fileID: 8718240272869314502, guid: 5036c9e76c561ae49ae7097a6b8d2d7a,
        type: 3}
      propertyPath: m_LocalEulerAnglesHint.z
      value: 0
      objectReference: {fileID: 0}
    - target: {fileID: 8718240272869314503, guid: 5036c9e76c561ae49ae7097a6b8d2d7a,
        type: 3}
      propertyPath: m_Name
      value: StingCircle (2)
      objectReference: {fileID: 0}
    m_RemovedComponents: []
    m_RemovedGameObjects: []
    m_AddedGameObjects: []
    m_AddedComponents: []
  m_SourcePrefab: {fileID: 100100000, guid: 5036c9e76c561ae49ae7097a6b8d2d7a, type: 3}
--- !u!4 &2124147930251559382 stripped
Transform:
  m_CorrespondingSourceObject: {fileID: 8718240272869314502, guid: 5036c9e76c561ae49ae7097a6b8d2d7a,
    type: 3}
  m_PrefabInstance: {fileID: 7315838245544644112}
  m_PrefabAsset: {fileID: 0}
--- !u!1001 &8887733796067263102
PrefabInstance:
  m_ObjectHideFlags: 0
  serializedVersion: 2
  m_Modification:
    serializedVersion: 3
    m_TransformParent: {fileID: 4551972304360292}
    m_Modifications:
    - target: {fileID: 1485244063864546, guid: 093d95d5ada1e404fa2e665e45b3c692, type: 3}
      propertyPath: m_Name
      value: Block
      objectReference: {fileID: 0}
    - target: {fileID: 4875392971546726, guid: 093d95d5ada1e404fa2e665e45b3c692, type: 3}
      propertyPath: m_RootOrder
      value: 0
      objectReference: {fileID: 0}
    - target: {fileID: 4875392971546726, guid: 093d95d5ada1e404fa2e665e45b3c692, type: 3}
      propertyPath: m_LocalScale.x
      value: 1.5
      objectReference: {fileID: 0}
    - target: {fileID: 4875392971546726, guid: 093d95d5ada1e404fa2e665e45b3c692, type: 3}
      propertyPath: m_LocalPosition.x
      value: 10.08
      objectReference: {fileID: 0}
    - target: {fileID: 4875392971546726, guid: 093d95d5ada1e404fa2e665e45b3c692, type: 3}
      propertyPath: m_LocalPosition.y
      value: 0.100000024
      objectReference: {fileID: 0}
    - target: {fileID: 4875392971546726, guid: 093d95d5ada1e404fa2e665e45b3c692, type: 3}
      propertyPath: m_LocalPosition.z
      value: 0
      objectReference: {fileID: 0}
    - target: {fileID: 4875392971546726, guid: 093d95d5ada1e404fa2e665e45b3c692, type: 3}
      propertyPath: m_LocalRotation.w
      value: 1
      objectReference: {fileID: 0}
    - target: {fileID: 4875392971546726, guid: 093d95d5ada1e404fa2e665e45b3c692, type: 3}
      propertyPath: m_LocalRotation.x
      value: 0
      objectReference: {fileID: 0}
    - target: {fileID: 4875392971546726, guid: 093d95d5ada1e404fa2e665e45b3c692, type: 3}
      propertyPath: m_LocalRotation.y
      value: 0
      objectReference: {fileID: 0}
    - target: {fileID: 4875392971546726, guid: 093d95d5ada1e404fa2e665e45b3c692, type: 3}
      propertyPath: m_LocalRotation.z
      value: 0
      objectReference: {fileID: 0}
    - target: {fileID: 4875392971546726, guid: 093d95d5ada1e404fa2e665e45b3c692, type: 3}
      propertyPath: m_LocalEulerAnglesHint.x
      value: 0
      objectReference: {fileID: 0}
    - target: {fileID: 4875392971546726, guid: 093d95d5ada1e404fa2e665e45b3c692, type: 3}
      propertyPath: m_LocalEulerAnglesHint.y
      value: 0
      objectReference: {fileID: 0}
    - target: {fileID: 4875392971546726, guid: 093d95d5ada1e404fa2e665e45b3c692, type: 3}
      propertyPath: m_LocalEulerAnglesHint.z
      value: 0
      objectReference: {fileID: 0}
    - target: {fileID: 3013195103163533777, guid: 093d95d5ada1e404fa2e665e45b3c692,
        type: 3}
      propertyPath: m_LocalScale.x
      value: 1.2
      objectReference: {fileID: 0}
    m_RemovedComponents: []
    m_RemovedGameObjects: []
    m_AddedGameObjects: []
    m_AddedComponents: []
  m_SourcePrefab: {fileID: 100100000, guid: 093d95d5ada1e404fa2e665e45b3c692, type: 3}
--- !u!4 &8882999420902662680 stripped
Transform:
  m_CorrespondingSourceObject: {fileID: 4875392971546726, guid: 093d95d5ada1e404fa2e665e45b3c692,
    type: 3}
  m_PrefabInstance: {fileID: 8887733796067263102}
  m_PrefabAsset: {fileID: 0}
