%YAML 1.1
%TAG !u! tag:unity3d.com,2011:
--- !u!1 &1131430346282300
GameObject:
  m_ObjectHideFlags: 0
  m_CorrespondingSourceObject: {fileID: 0}
  m_PrefabInstance: {fileID: 0}
  m_PrefabAsset: {fileID: 0}
  serializedVersion: 6
  m_Component:
  - component: {fileID: 4317753027668174}
  m_Layer: 0
  m_Name: Blocks
  m_TagString: Untagged
  m_Icon: {fileID: 0}
  m_NavMeshLayer: 0
  m_StaticEditorFlags: 0
  m_IsActive: 1
--- !u!4 &4317753027668174
Transform:
  m_ObjectHideFlags: 0
  m_CorrespondingSourceObject: {fileID: 0}
  m_PrefabInstance: {fileID: 0}
  m_PrefabAsset: {fileID: 0}
  m_GameObject: {fileID: 1131430346282300}
  m_LocalRotation: {x: 0, y: 0, z: 0, w: 1}
  m_LocalPosition: {x: 0, y: 0, z: 0}
  m_LocalScale: {x: 1, y: 1, z: 1}
  m_ConstrainProportionsScale: 0
  m_Children:
  - {fileID: 7227943539038808797}
  - {fileID: 3126900470929132890}
  - {fileID: 3757467889100686338}
  - {fileID: 3172707155539038165}
  - {fileID: 1392325343771261237}
  - {fileID: 1969760720075776531}
  - {fileID: 6100766039462817218}
  - {fileID: 7606744382688861404}
  - {fileID: 3912882878099955661}
  - {fileID: 694990957351471925}
  - {fileID: 497797378099799021}
  m_Father: {fileID: 4436042907457912}
  m_RootOrder: 0
  m_LocalEulerAnglesHint: {x: 0, y: 0, z: 0}
--- !u!1 &1361861290666516
GameObject:
  m_ObjectHideFlags: 0
  m_CorrespondingSourceObject: {fileID: 0}
  m_PrefabInstance: {fileID: 0}
  m_PrefabAsset: {fileID: 0}
  serializedVersion: 6
  m_Component:
  - component: {fileID: 4436042907457912}
  - component: {fileID: 114291449792067558}
  m_Layer: 0
  m_Name: Level19_3
  m_TagString: Untagged
  m_Icon: {fileID: 0}
  m_NavMeshLayer: 0
  m_StaticEditorFlags: 0
  m_IsActive: 1
--- !u!4 &4436042907457912
Transform:
  m_ObjectHideFlags: 0
  m_CorrespondingSourceObject: {fileID: 0}
  m_PrefabInstance: {fileID: 0}
  m_PrefabAsset: {fileID: 0}
  m_GameObject: {fileID: 1361861290666516}
  m_LocalRotation: {x: -0, y: -0, z: -0, w: 1}
  m_LocalPosition: {x: 20, y: 0, z: 0}
  m_LocalScale: {x: 1, y: 1, z: 1}
  m_ConstrainProportionsScale: 0
  m_Children:
  - {fileID: 4317753027668174}
  - {fileID: 3808747977324417954}
  - {fileID: 8630884456098983565}
  m_Father: {fileID: 0}
  m_RootOrder: 0
  m_LocalEulerAnglesHint: {x: 0, y: 0, z: 0}
--- !u!114 &114291449792067558
MonoBehaviour:
  m_ObjectHideFlags: 0
  m_CorrespondingSourceObject: {fileID: 0}
  m_PrefabInstance: {fileID: 0}
  m_PrefabAsset: {fileID: 0}
  m_GameObject: {fileID: 1361861290666516}
  m_Enabled: 1
  m_EditorHideFlags: 0
  m_Script: {fileID: 11500000, guid: 29f7adea44f768b41a14032f50a3d1fc, type: 3}
  m_Name: 
  m_EditorClassIdentifier: 
  _transform: {fileID: 0}
  blocksGroup: {fileID: 4317753027668174}
  trapsGroup: {fileID: 3808747977324417954}
  foodGroup: {fileID: 0}
  foodNum: 0
--- !u!1 &5483212409985117723
GameObject:
  m_ObjectHideFlags: 0
  m_CorrespondingSourceObject: {fileID: 0}
  m_PrefabInstance: {fileID: 0}
  m_PrefabAsset: {fileID: 0}
  serializedVersion: 6
  m_Component:
  - component: {fileID: 3808747977324417954}
  m_Layer: 0
  m_Name: Traps
  m_TagString: Untagged
  m_Icon: {fileID: 0}
  m_NavMeshLayer: 0
  m_StaticEditorFlags: 0
  m_IsActive: 1
--- !u!4 &3808747977324417954
Transform:
  m_ObjectHideFlags: 0
  m_CorrespondingSourceObject: {fileID: 0}
  m_PrefabInstance: {fileID: 0}
  m_PrefabAsset: {fileID: 0}
  m_GameObject: {fileID: 5483212409985117723}
  m_LocalRotation: {x: 0, y: 0, z: 0, w: 1}
  m_LocalPosition: {x: 0, y: 0, z: 0}
  m_LocalScale: {x: 1, y: 1, z: 1}
  m_ConstrainProportionsScale: 0
  m_Children:
  - {fileID: 390735698271503384}
  - {fileID: 4623067587196471236}
  - {fileID: 1656872974728828002}
  - {fileID: 7202443615006523668}
  - {fileID: 8482558150526979228}
  - {fileID: 8753106624924947286}
  - {fileID: 461260974366399112}
  - {fileID: 8826787961652011524}
  - {fileID: 8416905602516616607}
  - {fileID: 43959543110458184}
  - {fileID: 6942363383180664028}
  - {fileID: 4423959266737985455}
  m_Father: {fileID: 4436042907457912}
  m_RootOrder: 1
  m_LocalEulerAnglesHint: {x: 0, y: 0, z: 0}
--- !u!1001 &109248914974334096
PrefabInstance:
  m_ObjectHideFlags: 0
  serializedVersion: 2
  m_Modification:
    serializedVersion: 3
    m_TransformParent: {fileID: 3808747977324417954}
    m_Modifications:
    - target: {fileID: 4248656609890869170, guid: 5036c9e76c561ae49ae7097a6b8d2d7a,
        type: 3}
      propertyPath: m_IsActive
      value: 0
      objectReference: {fileID: 0}
    - target: {fileID: 8718240272869314502, guid: 5036c9e76c561ae49ae7097a6b8d2d7a,
        type: 3}
      propertyPath: m_RootOrder
      value: 5
      objectReference: {fileID: 0}
    - target: {fileID: 8718240272869314502, guid: 5036c9e76c561ae49ae7097a6b8d2d7a,
        type: 3}
      propertyPath: m_LocalPosition.x
      value: 36.7
      objectReference: {fileID: 0}
    - target: {fileID: 8718240272869314502, guid: 5036c9e76c561ae49ae7097a6b8d2d7a,
        type: 3}
      propertyPath: m_LocalPosition.y
      value: 3.4
      objectReference: {fileID: 0}
    - target: {fileID: 8718240272869314502, guid: 5036c9e76c561ae49ae7097a6b8d2d7a,
        type: 3}
      propertyPath: m_LocalPosition.z
      value: 0
      objectReference: {fileID: 0}
    - target: {fileID: 8718240272869314502, guid: 5036c9e76c561ae49ae7097a6b8d2d7a,
        type: 3}
      propertyPath: m_LocalRotation.w
      value: 1
      objectReference: {fileID: 0}
    - target: {fileID: 8718240272869314502, guid: 5036c9e76c561ae49ae7097a6b8d2d7a,
        type: 3}
      propertyPath: m_LocalRotation.x
      value: -0
      objectReference: {fileID: 0}
    - target: {fileID: 8718240272869314502, guid: 5036c9e76c561ae49ae7097a6b8d2d7a,
        type: 3}
      propertyPath: m_LocalRotation.y
      value: -0
      objectReference: {fileID: 0}
    - target: {fileID: 8718240272869314502, guid: 5036c9e76c561ae49ae7097a6b8d2d7a,
        type: 3}
      propertyPath: m_LocalRotation.z
      value: -0
      objectReference: {fileID: 0}
    - target: {fileID: 8718240272869314502, guid: 5036c9e76c561ae49ae7097a6b8d2d7a,
        type: 3}
      propertyPath: m_LocalEulerAnglesHint.x
      value: 0
      objectReference: {fileID: 0}
    - target: {fileID: 8718240272869314502, guid: 5036c9e76c561ae49ae7097a6b8d2d7a,
        type: 3}
      propertyPath: m_LocalEulerAnglesHint.y
      value: 0
      objectReference: {fileID: 0}
    - target: {fileID: 8718240272869314502, guid: 5036c9e76c561ae49ae7097a6b8d2d7a,
        type: 3}
      propertyPath: m_LocalEulerAnglesHint.z
      value: 0
      objectReference: {fileID: 0}
    - target: {fileID: 8718240272869314503, guid: 5036c9e76c561ae49ae7097a6b8d2d7a,
        type: 3}
      propertyPath: m_Name
      value: StingCircle (5)
      objectReference: {fileID: 0}
    m_RemovedComponents: []
    m_RemovedGameObjects: []
    m_AddedGameObjects: []
    m_AddedComponents: []
  m_SourcePrefab: {fileID: 100100000, guid: 5036c9e76c561ae49ae7097a6b8d2d7a, type: 3}
--- !u!4 &8753106624924947286 stripped
Transform:
  m_CorrespondingSourceObject: {fileID: 8718240272869314502, guid: 5036c9e76c561ae49ae7097a6b8d2d7a,
    type: 3}
  m_PrefabInstance: {fileID: 109248914974334096}
  m_PrefabAsset: {fileID: 0}
--- !u!1001 &180818762089835970
PrefabInstance:
  m_ObjectHideFlags: 0
  serializedVersion: 2
  m_Modification:
    serializedVersion: 3
    m_TransformParent: {fileID: 3808747977324417954}
    m_Modifications:
    - target: {fileID: 4248656609890869170, guid: 5036c9e76c561ae49ae7097a6b8d2d7a,
        type: 3}
      propertyPath: m_IsActive
      value: 0
      objectReference: {fileID: 0}
    - target: {fileID: 8718240272869314502, guid: 5036c9e76c561ae49ae7097a6b8d2d7a,
        type: 3}
      propertyPath: m_RootOrder
      value: 7
      objectReference: {fileID: 0}
    - target: {fileID: 8718240272869314502, guid: 5036c9e76c561ae49ae7097a6b8d2d7a,
        type: 3}
      propertyPath: m_LocalPosition.x
      value: 89.3
      objectReference: {fileID: 0}
    - target: {fileID: 8718240272869314502, guid: 5036c9e76c561ae49ae7097a6b8d2d7a,
        type: 3}
      propertyPath: m_LocalPosition.y
      value: 9.35
      objectReference: {fileID: 0}
    - target: {fileID: 8718240272869314502, guid: 5036c9e76c561ae49ae7097a6b8d2d7a,
        type: 3}
      propertyPath: m_LocalPosition.z
      value: 0
      objectReference: {fileID: 0}
    - target: {fileID: 8718240272869314502, guid: 5036c9e76c561ae49ae7097a6b8d2d7a,
        type: 3}
      propertyPath: m_LocalRotation.w
      value: 1
      objectReference: {fileID: 0}
    - target: {fileID: 8718240272869314502, guid: 5036c9e76c561ae49ae7097a6b8d2d7a,
        type: 3}
      propertyPath: m_LocalRotation.x
      value: -0
      objectReference: {fileID: 0}
    - target: {fileID: 8718240272869314502, guid: 5036c9e76c561ae49ae7097a6b8d2d7a,
        type: 3}
      propertyPath: m_LocalRotation.y
      value: -0
      objectReference: {fileID: 0}
    - target: {fileID: 8718240272869314502, guid: 5036c9e76c561ae49ae7097a6b8d2d7a,
        type: 3}
      propertyPath: m_LocalRotation.z
      value: -0
      objectReference: {fileID: 0}
    - target: {fileID: 8718240272869314502, guid: 5036c9e76c561ae49ae7097a6b8d2d7a,
        type: 3}
      propertyPath: m_LocalEulerAnglesHint.x
      value: 0
      objectReference: {fileID: 0}
    - target: {fileID: 8718240272869314502, guid: 5036c9e76c561ae49ae7097a6b8d2d7a,
        type: 3}
      propertyPath: m_LocalEulerAnglesHint.y
      value: 0
      objectReference: {fileID: 0}
    - target: {fileID: 8718240272869314502, guid: 5036c9e76c561ae49ae7097a6b8d2d7a,
        type: 3}
      propertyPath: m_LocalEulerAnglesHint.z
      value: 0
      objectReference: {fileID: 0}
    - target: {fileID: 8718240272869314503, guid: 5036c9e76c561ae49ae7097a6b8d2d7a,
        type: 3}
      propertyPath: m_Name
      value: StingCircle (7)
      objectReference: {fileID: 0}
    m_RemovedComponents: []
    m_RemovedGameObjects: []
    m_AddedGameObjects: []
    m_AddedComponents: []
  m_SourcePrefab: {fileID: 100100000, guid: 5036c9e76c561ae49ae7097a6b8d2d7a, type: 3}
--- !u!4 &8826787961652011524 stripped
Transform:
  m_CorrespondingSourceObject: {fileID: 8718240272869314502, guid: 5036c9e76c561ae49ae7097a6b8d2d7a,
    type: 3}
  m_PrefabInstance: {fileID: 180818762089835970}
  m_PrefabAsset: {fileID: 0}
--- !u!1001 &502672763488027531
PrefabInstance:
  m_ObjectHideFlags: 0
  serializedVersion: 2
  m_Modification:
    serializedVersion: 3
    m_TransformParent: {fileID: 4317753027668174}
    m_Modifications:
    - target: {fileID: 1485244063864546, guid: 093d95d5ada1e404fa2e665e45b3c692, type: 3}
      propertyPath: m_Name
      value: Block (5)
      objectReference: {fileID: 0}
    - target: {fileID: 4875392971546726, guid: 093d95d5ada1e404fa2e665e45b3c692, type: 3}
      propertyPath: m_RootOrder
      value: 10
      objectReference: {fileID: 0}
    - target: {fileID: 4875392971546726, guid: 093d95d5ada1e404fa2e665e45b3c692, type: 3}
      propertyPath: m_LocalPosition.x
      value: 124.7
      objectReference: {fileID: 0}
    - target: {fileID: 4875392971546726, guid: 093d95d5ada1e404fa2e665e45b3c692, type: 3}
      propertyPath: m_LocalPosition.y
      value: 1
      objectReference: {fileID: 0}
    - target: {fileID: 4875392971546726, guid: 093d95d5ada1e404fa2e665e45b3c692, type: 3}
      propertyPath: m_LocalPosition.z
      value: 0
      objectReference: {fileID: 0}
    - target: {fileID: 4875392971546726, guid: 093d95d5ada1e404fa2e665e45b3c692, type: 3}
      propertyPath: m_LocalRotation.w
      value: 1
      objectReference: {fileID: 0}
    - target: {fileID: 4875392971546726, guid: 093d95d5ada1e404fa2e665e45b3c692, type: 3}
      propertyPath: m_LocalRotation.x
      value: -0
      objectReference: {fileID: 0}
    - target: {fileID: 4875392971546726, guid: 093d95d5ada1e404fa2e665e45b3c692, type: 3}
      propertyPath: m_LocalRotation.y
      value: -0
      objectReference: {fileID: 0}
    - target: {fileID: 4875392971546726, guid: 093d95d5ada1e404fa2e665e45b3c692, type: 3}
      propertyPath: m_LocalRotation.z
      value: -0
      objectReference: {fileID: 0}
    - target: {fileID: 4875392971546726, guid: 093d95d5ada1e404fa2e665e45b3c692, type: 3}
      propertyPath: m_LocalEulerAnglesHint.x
      value: 0
      objectReference: {fileID: 0}
    - target: {fileID: 4875392971546726, guid: 093d95d5ada1e404fa2e665e45b3c692, type: 3}
      propertyPath: m_LocalEulerAnglesHint.y
      value: 0
      objectReference: {fileID: 0}
    - target: {fileID: 4875392971546726, guid: 093d95d5ada1e404fa2e665e45b3c692, type: 3}
      propertyPath: m_LocalEulerAnglesHint.z
      value: 0
      objectReference: {fileID: 0}
    - target: {fileID: 3013195103163533777, guid: 093d95d5ada1e404fa2e665e45b3c692,
        type: 3}
      propertyPath: m_LocalScale.x
      value: 0.7
      objectReference: {fileID: 0}
    m_RemovedComponents: []
    m_RemovedGameObjects: []
    m_AddedGameObjects: []
    m_AddedComponents: []
  m_SourcePrefab: {fileID: 100100000, guid: 093d95d5ada1e404fa2e665e45b3c692, type: 3}
--- !u!4 &497797378099799021 stripped
Transform:
  m_CorrespondingSourceObject: {fileID: 4875392971546726, guid: 093d95d5ada1e404fa2e665e45b3c692,
    type: 3}
  m_PrefabInstance: {fileID: 502672763488027531}
  m_PrefabAsset: {fileID: 0}
--- !u!1001 &699263776007826259
PrefabInstance:
  m_ObjectHideFlags: 0
  serializedVersion: 2
  m_Modification:
    serializedVersion: 3
    m_TransformParent: {fileID: 4317753027668174}
    m_Modifications:
    - target: {fileID: 1485244063864546, guid: 093d95d5ada1e404fa2e665e45b3c692, type: 3}
      propertyPath: m_Name
      value: Block (4)
      objectReference: {fileID: 0}
    - target: {fileID: 4875392971546726, guid: 093d95d5ada1e404fa2e665e45b3c692, type: 3}
      propertyPath: m_RootOrder
      value: 9
      objectReference: {fileID: 0}
    - target: {fileID: 4875392971546726, guid: 093d95d5ada1e404fa2e665e45b3c692, type: 3}
      propertyPath: m_LocalPosition.x
      value: 90.68
      objectReference: {fileID: 0}
    - target: {fileID: 4875392971546726, guid: 093d95d5ada1e404fa2e665e45b3c692, type: 3}
      propertyPath: m_LocalPosition.y
      value: 8.5
      objectReference: {fileID: 0}
    - target: {fileID: 4875392971546726, guid: 093d95d5ada1e404fa2e665e45b3c692, type: 3}
      propertyPath: m_LocalPosition.z
      value: 0
      objectReference: {fileID: 0}
    - target: {fileID: 4875392971546726, guid: 093d95d5ada1e404fa2e665e45b3c692, type: 3}
      propertyPath: m_LocalRotation.w
      value: 1
      objectReference: {fileID: 0}
    - target: {fileID: 4875392971546726, guid: 093d95d5ada1e404fa2e665e45b3c692, type: 3}
      propertyPath: m_LocalRotation.x
      value: -0
      objectReference: {fileID: 0}
    - target: {fileID: 4875392971546726, guid: 093d95d5ada1e404fa2e665e45b3c692, type: 3}
      propertyPath: m_LocalRotation.y
      value: -0
      objectReference: {fileID: 0}
    - target: {fileID: 4875392971546726, guid: 093d95d5ada1e404fa2e665e45b3c692, type: 3}
      propertyPath: m_LocalRotation.z
      value: -0
      objectReference: {fileID: 0}
    - target: {fileID: 4875392971546726, guid: 093d95d5ada1e404fa2e665e45b3c692, type: 3}
      propertyPath: m_LocalEulerAnglesHint.x
      value: 0
      objectReference: {fileID: 0}
    - target: {fileID: 4875392971546726, guid: 093d95d5ada1e404fa2e665e45b3c692, type: 3}
      propertyPath: m_LocalEulerAnglesHint.y
      value: 0
      objectReference: {fileID: 0}
    - target: {fileID: 4875392971546726, guid: 093d95d5ada1e404fa2e665e45b3c692, type: 3}
      propertyPath: m_LocalEulerAnglesHint.z
      value: 0
      objectReference: {fileID: 0}
    - target: {fileID: 3013195103163533777, guid: 093d95d5ada1e404fa2e665e45b3c692,
        type: 3}
      propertyPath: m_LocalScale.x
      value: 0.8
      objectReference: {fileID: 0}
    m_RemovedComponents: []
    m_RemovedGameObjects: []
    m_AddedGameObjects: []
    m_AddedComponents: []
  m_SourcePrefab: {fileID: 100100000, guid: 093d95d5ada1e404fa2e665e45b3c692, type: 3}
--- !u!4 &694990957351471925 stripped
Transform:
  m_CorrespondingSourceObject: {fileID: 4875392971546726, guid: 093d95d5ada1e404fa2e665e45b3c692,
    type: 3}
  m_PrefabInstance: {fileID: 699263776007826259}
  m_PrefabAsset: {fileID: 0}
--- !u!1001 &879242457305238105
PrefabInstance:
  m_ObjectHideFlags: 0
  serializedVersion: 2
  m_Modification:
    serializedVersion: 3
    m_TransformParent: {fileID: 3808747977324417954}
    m_Modifications:
    - target: {fileID: 4248656609890869170, guid: 5036c9e76c561ae49ae7097a6b8d2d7a,
        type: 3}
      propertyPath: m_IsActive
      value: 0
      objectReference: {fileID: 0}
    - target: {fileID: 8718240272869314502, guid: 5036c9e76c561ae49ae7097a6b8d2d7a,
        type: 3}
      propertyPath: m_RootOrder
      value: 8
      objectReference: {fileID: 0}
    - target: {fileID: 8718240272869314502, guid: 5036c9e76c561ae49ae7097a6b8d2d7a,
        type: 3}
      propertyPath: m_LocalPosition.x
      value: 102.5
      objectReference: {fileID: 0}
    - target: {fileID: 8718240272869314502, guid: 5036c9e76c561ae49ae7097a6b8d2d7a,
        type: 3}
      propertyPath: m_LocalPosition.y
      value: 1.28
      objectReference: {fileID: 0}
    - target: {fileID: 8718240272869314502, guid: 5036c9e76c561ae49ae7097a6b8d2d7a,
        type: 3}
      propertyPath: m_LocalPosition.z
      value: 0
      objectReference: {fileID: 0}
    - target: {fileID: 8718240272869314502, guid: 5036c9e76c561ae49ae7097a6b8d2d7a,
        type: 3}
      propertyPath: m_LocalRotation.w
      value: 1
      objectReference: {fileID: 0}
    - target: {fileID: 8718240272869314502, guid: 5036c9e76c561ae49ae7097a6b8d2d7a,
        type: 3}
      propertyPath: m_LocalRotation.x
      value: -0
      objectReference: {fileID: 0}
    - target: {fileID: 8718240272869314502, guid: 5036c9e76c561ae49ae7097a6b8d2d7a,
        type: 3}
      propertyPath: m_LocalRotation.y
      value: -0
      objectReference: {fileID: 0}
    - target: {fileID: 8718240272869314502, guid: 5036c9e76c561ae49ae7097a6b8d2d7a,
        type: 3}
      propertyPath: m_LocalRotation.z
      value: -0
      objectReference: {fileID: 0}
    - target: {fileID: 8718240272869314502, guid: 5036c9e76c561ae49ae7097a6b8d2d7a,
        type: 3}
      propertyPath: m_LocalEulerAnglesHint.x
      value: 0
      objectReference: {fileID: 0}
    - target: {fileID: 8718240272869314502, guid: 5036c9e76c561ae49ae7097a6b8d2d7a,
        type: 3}
      propertyPath: m_LocalEulerAnglesHint.y
      value: 0
      objectReference: {fileID: 0}
    - target: {fileID: 8718240272869314502, guid: 5036c9e76c561ae49ae7097a6b8d2d7a,
        type: 3}
      propertyPath: m_LocalEulerAnglesHint.z
      value: 0
      objectReference: {fileID: 0}
    - target: {fileID: 8718240272869314503, guid: 5036c9e76c561ae49ae7097a6b8d2d7a,
        type: 3}
      propertyPath: m_Name
      value: StingCircle (8)
      objectReference: {fileID: 0}
    m_RemovedComponents: []
    m_RemovedGameObjects: []
    m_AddedGameObjects: []
    m_AddedComponents: []
  m_SourcePrefab: {fileID: 100100000, guid: 5036c9e76c561ae49ae7097a6b8d2d7a, type: 3}
--- !u!4 &8416905602516616607 stripped
Transform:
  m_CorrespondingSourceObject: {fileID: 8718240272869314502, guid: 5036c9e76c561ae49ae7097a6b8d2d7a,
    type: 3}
  m_PrefabInstance: {fileID: 879242457305238105}
  m_PrefabAsset: {fileID: 0}
--- !u!1001 &956294621617455962
PrefabInstance:
  m_ObjectHideFlags: 0
  serializedVersion: 2
  m_Modification:
    serializedVersion: 3
    m_TransformParent: {fileID: 3808747977324417954}
    m_Modifications:
    - target: {fileID: 4248656609890869170, guid: 5036c9e76c561ae49ae7097a6b8d2d7a,
        type: 3}
      propertyPath: m_IsActive
      value: 0
      objectReference: {fileID: 0}
    - target: {fileID: 8718240272869314502, guid: 5036c9e76c561ae49ae7097a6b8d2d7a,
        type: 3}
      propertyPath: m_RootOrder
      value: 4
      objectReference: {fileID: 0}
    - target: {fileID: 8718240272869314502, guid: 5036c9e76c561ae49ae7097a6b8d2d7a,
        type: 3}
      propertyPath: m_LocalPosition.x
      value: 63.75
      objectReference: {fileID: 0}
    - target: {fileID: 8718240272869314502, guid: 5036c9e76c561ae49ae7097a6b8d2d7a,
        type: 3}
      propertyPath: m_LocalPosition.y
      value: 5.72
      objectReference: {fileID: 0}
    - target: {fileID: 8718240272869314502, guid: 5036c9e76c561ae49ae7097a6b8d2d7a,
        type: 3}
      propertyPath: m_LocalPosition.z
      value: 0
      objectReference: {fileID: 0}
    - target: {fileID: 8718240272869314502, guid: 5036c9e76c561ae49ae7097a6b8d2d7a,
        type: 3}
      propertyPath: m_LocalRotation.w
      value: 1
      objectReference: {fileID: 0}
    - target: {fileID: 8718240272869314502, guid: 5036c9e76c561ae49ae7097a6b8d2d7a,
        type: 3}
      propertyPath: m_LocalRotation.x
      value: -0
      objectReference: {fileID: 0}
    - target: {fileID: 8718240272869314502, guid: 5036c9e76c561ae49ae7097a6b8d2d7a,
        type: 3}
      propertyPath: m_LocalRotation.y
      value: -0
      objectReference: {fileID: 0}
    - target: {fileID: 8718240272869314502, guid: 5036c9e76c561ae49ae7097a6b8d2d7a,
        type: 3}
      propertyPath: m_LocalRotation.z
      value: -0
      objectReference: {fileID: 0}
    - target: {fileID: 8718240272869314502, guid: 5036c9e76c561ae49ae7097a6b8d2d7a,
        type: 3}
      propertyPath: m_LocalEulerAnglesHint.x
      value: 0
      objectReference: {fileID: 0}
    - target: {fileID: 8718240272869314502, guid: 5036c9e76c561ae49ae7097a6b8d2d7a,
        type: 3}
      propertyPath: m_LocalEulerAnglesHint.y
      value: 0
      objectReference: {fileID: 0}
    - target: {fileID: 8718240272869314502, guid: 5036c9e76c561ae49ae7097a6b8d2d7a,
        type: 3}
      propertyPath: m_LocalEulerAnglesHint.z
      value: 0
      objectReference: {fileID: 0}
    - target: {fileID: 8718240272869314503, guid: 5036c9e76c561ae49ae7097a6b8d2d7a,
        type: 3}
      propertyPath: m_Name
      value: StingCircle (4)
      objectReference: {fileID: 0}
    - target: {fileID: 8718240273795574392, guid: 5036c9e76c561ae49ae7097a6b8d2d7a,
        type: 3}
      propertyPath: m_LocalScale.x
      value: 0.7
      objectReference: {fileID: 0}
    - target: {fileID: 8718240273795574392, guid: 5036c9e76c561ae49ae7097a6b8d2d7a,
        type: 3}
      propertyPath: m_LocalScale.y
      value: 0.7
      objectReference: {fileID: 0}
    m_RemovedComponents: []
    m_RemovedGameObjects: []
    m_AddedGameObjects: []
    m_AddedComponents: []
  m_SourcePrefab: {fileID: 100100000, guid: 5036c9e76c561ae49ae7097a6b8d2d7a, type: 3}
--- !u!4 &8482558150526979228 stripped
Transform:
  m_CorrespondingSourceObject: {fileID: 8718240272869314502, guid: 5036c9e76c561ae49ae7097a6b8d2d7a,
    type: 3}
  m_PrefabInstance: {fileID: 956294621617455962}
  m_PrefabAsset: {fileID: 0}
--- !u!1001 &1387750529723119853
PrefabInstance:
  m_ObjectHideFlags: 0
  serializedVersion: 2
  m_Modification:
    serializedVersion: 3
    m_TransformParent: {fileID: 4317753027668174}
    m_Modifications:
    - target: {fileID: 1214162638093782, guid: 5b3590772f8076e448cfdbbee61c0c94, type: 3}
      propertyPath: m_Name
      value: MovingBlock (1)
      objectReference: {fileID: 0}
    - target: {fileID: 4403225247367506, guid: 5b3590772f8076e448cfdbbee61c0c94, type: 3}
      propertyPath: m_LocalPosition.y
      value: -8.8
      objectReference: {fileID: 0}
    - target: {fileID: 4731494455296472, guid: 5b3590772f8076e448cfdbbee61c0c94, type: 3}
      propertyPath: m_RootOrder
      value: 4
      objectReference: {fileID: 0}
    - target: {fileID: 4731494455296472, guid: 5b3590772f8076e448cfdbbee61c0c94, type: 3}
      propertyPath: m_LocalPosition.x
      value: 111.6
      objectReference: {fileID: 0}
    - target: {fileID: 4731494455296472, guid: 5b3590772f8076e448cfdbbee61c0c94, type: 3}
      propertyPath: m_LocalPosition.y
      value: 6.91
      objectReference: {fileID: 0}
    - target: {fileID: 4731494455296472, guid: 5b3590772f8076e448cfdbbee61c0c94, type: 3}
      propertyPath: m_LocalPosition.z
      value: 0
      objectReference: {fileID: 0}
    - target: {fileID: 4731494455296472, guid: 5b3590772f8076e448cfdbbee61c0c94, type: 3}
      propertyPath: m_LocalRotation.w
      value: 1
      objectReference: {fileID: 0}
    - target: {fileID: 4731494455296472, guid: 5b3590772f8076e448cfdbbee61c0c94, type: 3}
      propertyPath: m_LocalRotation.x
      value: -0
      objectReference: {fileID: 0}
    - target: {fileID: 4731494455296472, guid: 5b3590772f8076e448cfdbbee61c0c94, type: 3}
      propertyPath: m_LocalRotation.y
      value: -0
      objectReference: {fileID: 0}
    - target: {fileID: 4731494455296472, guid: 5b3590772f8076e448cfdbbee61c0c94, type: 3}
      propertyPath: m_LocalRotation.z
      value: -0
      objectReference: {fileID: 0}
    - target: {fileID: 4731494455296472, guid: 5b3590772f8076e448cfdbbee61c0c94, type: 3}
      propertyPath: m_LocalEulerAnglesHint.x
      value: 0
      objectReference: {fileID: 0}
    - target: {fileID: 4731494455296472, guid: 5b3590772f8076e448cfdbbee61c0c94, type: 3}
      propertyPath: m_LocalEulerAnglesHint.y
      value: 0
      objectReference: {fileID: 0}
    - target: {fileID: 4731494455296472, guid: 5b3590772f8076e448cfdbbee61c0c94, type: 3}
      propertyPath: m_LocalEulerAnglesHint.z
      value: 0
      objectReference: {fileID: 0}
    - target: {fileID: 114761444031487610, guid: 5b3590772f8076e448cfdbbee61c0c94,
        type: 3}
      propertyPath: speed
      value: 5
      objectReference: {fileID: 0}
    - target: {fileID: 9062822208647474394, guid: 5b3590772f8076e448cfdbbee61c0c94,
        type: 3}
      propertyPath: m_LocalScale.x
      value: 2
      objectReference: {fileID: 0}
    m_RemovedComponents: []
    m_RemovedGameObjects: []
    m_AddedGameObjects: []
    m_AddedComponents: []
  m_SourcePrefab: {fileID: 100100000, guid: 5b3590772f8076e448cfdbbee61c0c94, type: 3}
--- !u!4 &1392325343771261237 stripped
Transform:
  m_CorrespondingSourceObject: {fileID: 4731494455296472, guid: 5b3590772f8076e448cfdbbee61c0c94,
    type: 3}
  m_PrefabInstance: {fileID: 1387750529723119853}
  m_PrefabAsset: {fileID: 0}
--- !u!1001 &1775917852806140698
PrefabInstance:
  m_ObjectHideFlags: 0
  serializedVersion: 2
  m_Modification:
    serializedVersion: 3
    m_TransformParent: {fileID: 3808747977324417954}
    m_Modifications:
    - target: {fileID: 4248656609890869170, guid: 5036c9e76c561ae49ae7097a6b8d2d7a,
        type: 3}
      propertyPath: m_IsActive
      value: 0
      objectReference: {fileID: 0}
    - target: {fileID: 8718240272869314502, guid: 5036c9e76c561ae49ae7097a6b8d2d7a,
        type: 3}
      propertyPath: m_RootOrder
      value: 10
      objectReference: {fileID: 0}
    - target: {fileID: 8718240272869314502, guid: 5036c9e76c561ae49ae7097a6b8d2d7a,
        type: 3}
      propertyPath: m_LocalPosition.x
      value: 116.2
      objectReference: {fileID: 0}
    - target: {fileID: 8718240272869314502, guid: 5036c9e76c561ae49ae7097a6b8d2d7a,
        type: 3}
      propertyPath: m_LocalPosition.y
      value: 8.5
      objectReference: {fileID: 0}
    - target: {fileID: 8718240272869314502, guid: 5036c9e76c561ae49ae7097a6b8d2d7a,
        type: 3}
      propertyPath: m_LocalPosition.z
      value: 0
      objectReference: {fileID: 0}
    - target: {fileID: 8718240272869314502, guid: 5036c9e76c561ae49ae7097a6b8d2d7a,
        type: 3}
      propertyPath: m_LocalRotation.w
      value: 1
      objectReference: {fileID: 0}
    - target: {fileID: 8718240272869314502, guid: 5036c9e76c561ae49ae7097a6b8d2d7a,
        type: 3}
      propertyPath: m_LocalRotation.x
      value: -0
      objectReference: {fileID: 0}
    - target: {fileID: 8718240272869314502, guid: 5036c9e76c561ae49ae7097a6b8d2d7a,
        type: 3}
      propertyPath: m_LocalRotation.y
      value: -0
      objectReference: {fileID: 0}
    - target: {fileID: 8718240272869314502, guid: 5036c9e76c561ae49ae7097a6b8d2d7a,
        type: 3}
      propertyPath: m_LocalRotation.z
      value: -0
      objectReference: {fileID: 0}
    - target: {fileID: 8718240272869314502, guid: 5036c9e76c561ae49ae7097a6b8d2d7a,
        type: 3}
      propertyPath: m_LocalEulerAnglesHint.x
      value: 0
      objectReference: {fileID: 0}
    - target: {fileID: 8718240272869314502, guid: 5036c9e76c561ae49ae7097a6b8d2d7a,
        type: 3}
      propertyPath: m_LocalEulerAnglesHint.y
      value: 0
      objectReference: {fileID: 0}
    - target: {fileID: 8718240272869314502, guid: 5036c9e76c561ae49ae7097a6b8d2d7a,
        type: 3}
      propertyPath: m_LocalEulerAnglesHint.z
      value: 0
      objectReference: {fileID: 0}
    - target: {fileID: 8718240272869314503, guid: 5036c9e76c561ae49ae7097a6b8d2d7a,
        type: 3}
      propertyPath: m_Name
      value: StingCircle (10)
      objectReference: {fileID: 0}
    m_RemovedComponents: []
    m_RemovedGameObjects: []
    m_AddedGameObjects: []
    m_AddedComponents: []
  m_SourcePrefab: {fileID: 100100000, guid: 5036c9e76c561ae49ae7097a6b8d2d7a, type: 3}
--- !u!4 &6942363383180664028 stripped
Transform:
  m_CorrespondingSourceObject: {fileID: 8718240272869314502, guid: 5036c9e76c561ae49ae7097a6b8d2d7a,
    type: 3}
  m_PrefabInstance: {fileID: 1775917852806140698}
  m_PrefabAsset: {fileID: 0}
--- !u!1001 &1948177479514443474
PrefabInstance:
  m_ObjectHideFlags: 0
  serializedVersion: 2
  m_Modification:
    serializedVersion: 3
    m_TransformParent: {fileID: 3808747977324417954}
    m_Modifications:
    - target: {fileID: 4248656609890869170, guid: 5036c9e76c561ae49ae7097a6b8d2d7a,
        type: 3}
      propertyPath: m_IsActive
      value: 0
      objectReference: {fileID: 0}
    - target: {fileID: 8718240272869314502, guid: 5036c9e76c561ae49ae7097a6b8d2d7a,
        type: 3}
      propertyPath: m_RootOrder
      value: 3
      objectReference: {fileID: 0}
    - target: {fileID: 8718240272869314502, guid: 5036c9e76c561ae49ae7097a6b8d2d7a,
        type: 3}
      propertyPath: m_LocalPosition.x
      value: 46.32
      objectReference: {fileID: 0}
    - target: {fileID: 8718240272869314502, guid: 5036c9e76c561ae49ae7097a6b8d2d7a,
        type: 3}
      propertyPath: m_LocalPosition.y
      value: 3.24
      objectReference: {fileID: 0}
    - target: {fileID: 8718240272869314502, guid: 5036c9e76c561ae49ae7097a6b8d2d7a,
        type: 3}
      propertyPath: m_LocalPosition.z
      value: 0
      objectReference: {fileID: 0}
    - target: {fileID: 8718240272869314502, guid: 5036c9e76c561ae49ae7097a6b8d2d7a,
        type: 3}
      propertyPath: m_LocalRotation.w
      value: 1
      objectReference: {fileID: 0}
    - target: {fileID: 8718240272869314502, guid: 5036c9e76c561ae49ae7097a6b8d2d7a,
        type: 3}
      propertyPath: m_LocalRotation.x
      value: -0
      objectReference: {fileID: 0}
    - target: {fileID: 8718240272869314502, guid: 5036c9e76c561ae49ae7097a6b8d2d7a,
        type: 3}
      propertyPath: m_LocalRotation.y
      value: -0
      objectReference: {fileID: 0}
    - target: {fileID: 8718240272869314502, guid: 5036c9e76c561ae49ae7097a6b8d2d7a,
        type: 3}
      propertyPath: m_LocalRotation.z
      value: -0
      objectReference: {fileID: 0}
    - target: {fileID: 8718240272869314502, guid: 5036c9e76c561ae49ae7097a6b8d2d7a,
        type: 3}
      propertyPath: m_LocalEulerAnglesHint.x
      value: 0
      objectReference: {fileID: 0}
    - target: {fileID: 8718240272869314502, guid: 5036c9e76c561ae49ae7097a6b8d2d7a,
        type: 3}
      propertyPath: m_LocalEulerAnglesHint.y
      value: 0
      objectReference: {fileID: 0}
    - target: {fileID: 8718240272869314502, guid: 5036c9e76c561ae49ae7097a6b8d2d7a,
        type: 3}
      propertyPath: m_LocalEulerAnglesHint.z
      value: 0
      objectReference: {fileID: 0}
    - target: {fileID: 8718240272869314503, guid: 5036c9e76c561ae49ae7097a6b8d2d7a,
        type: 3}
      propertyPath: m_Name
      value: StingCircle (3)
      objectReference: {fileID: 0}
    m_RemovedComponents: []
    m_RemovedGameObjects: []
    m_AddedGameObjects: []
    m_AddedComponents: []
  m_SourcePrefab: {fileID: 100100000, guid: 5036c9e76c561ae49ae7097a6b8d2d7a, type: 3}
--- !u!4 &7202443615006523668 stripped
Transform:
  m_CorrespondingSourceObject: {fileID: 8718240272869314502, guid: 5036c9e76c561ae49ae7097a6b8d2d7a,
    type: 3}
  m_PrefabInstance: {fileID: 1948177479514443474}
  m_PrefabAsset: {fileID: 0}
--- !u!1001 &1964885366902604405
PrefabInstance:
  m_ObjectHideFlags: 0
  serializedVersion: 2
  m_Modification:
    serializedVersion: 3
    m_TransformParent: {fileID: 4317753027668174}
    m_Modifications:
    - target: {fileID: 1485244063864546, guid: 093d95d5ada1e404fa2e665e45b3c692, type: 3}
      propertyPath: m_Name
      value: Block
      objectReference: {fileID: 0}
    - target: {fileID: 4875392971546726, guid: 093d95d5ada1e404fa2e665e45b3c692, type: 3}
      propertyPath: m_RootOrder
      value: 5
      objectReference: {fileID: 0}
    - target: {fileID: 4875392971546726, guid: 093d95d5ada1e404fa2e665e45b3c692, type: 3}
      propertyPath: m_LocalPosition.x
      value: 5.64
      objectReference: {fileID: 0}
    - target: {fileID: 4875392971546726, guid: 093d95d5ada1e404fa2e665e45b3c692, type: 3}
      propertyPath: m_LocalPosition.y
      value: 0.5
      objectReference: {fileID: 0}
    - target: {fileID: 4875392971546726, guid: 093d95d5ada1e404fa2e665e45b3c692, type: 3}
      propertyPath: m_LocalPosition.z
      value: 0
      objectReference: {fileID: 0}
    - target: {fileID: 4875392971546726, guid: 093d95d5ada1e404fa2e665e45b3c692, type: 3}
      propertyPath: m_LocalRotation.w
      value: 1
      objectReference: {fileID: 0}
    - target: {fileID: 4875392971546726, guid: 093d95d5ada1e404fa2e665e45b3c692, type: 3}
      propertyPath: m_LocalRotation.x
      value: 0
      objectReference: {fileID: 0}
    - target: {fileID: 4875392971546726, guid: 093d95d5ada1e404fa2e665e45b3c692, type: 3}
      propertyPath: m_LocalRotation.y
      value: 0
      objectReference: {fileID: 0}
    - target: {fileID: 4875392971546726, guid: 093d95d5ada1e404fa2e665e45b3c692, type: 3}
      propertyPath: m_LocalRotation.z
      value: 0
      objectReference: {fileID: 0}
    - target: {fileID: 4875392971546726, guid: 093d95d5ada1e404fa2e665e45b3c692, type: 3}
      propertyPath: m_LocalEulerAnglesHint.x
      value: 0
      objectReference: {fileID: 0}
    - target: {fileID: 4875392971546726, guid: 093d95d5ada1e404fa2e665e45b3c692, type: 3}
      propertyPath: m_LocalEulerAnglesHint.y
      value: 0
      objectReference: {fileID: 0}
    - target: {fileID: 4875392971546726, guid: 093d95d5ada1e404fa2e665e45b3c692, type: 3}
      propertyPath: m_LocalEulerAnglesHint.z
      value: 0
      objectReference: {fileID: 0}
    - target: {fileID: 3013195103163533777, guid: 093d95d5ada1e404fa2e665e45b3c692,
        type: 3}
      propertyPath: m_LocalScale.x
      value: 0.5
      objectReference: {fileID: 0}
    m_RemovedComponents: []
    m_RemovedGameObjects: []
    m_AddedGameObjects: []
    m_AddedComponents: []
  m_SourcePrefab: {fileID: 100100000, guid: 093d95d5ada1e404fa2e665e45b3c692, type: 3}
--- !u!4 &1969760720075776531 stripped
Transform:
  m_CorrespondingSourceObject: {fileID: 4875392971546726, guid: 093d95d5ada1e404fa2e665e45b3c692,
    type: 3}
  m_PrefabInstance: {fileID: 1964885366902604405}
  m_PrefabAsset: {fileID: 0}
--- !u!1001 &3177139031800368653
PrefabInstance:
  m_ObjectHideFlags: 0
  serializedVersion: 2
  m_Modification:
    serializedVersion: 3
    m_TransformParent: {fileID: 4317753027668174}
    m_Modifications:
    - target: {fileID: 1214162638093782, guid: 5b3590772f8076e448cfdbbee61c0c94, type: 3}
      propertyPath: m_Name
      value: MovingBlock
      objectReference: {fileID: 0}
    - target: {fileID: 4403225247367506, guid: 5b3590772f8076e448cfdbbee61c0c94, type: 3}
      propertyPath: m_LocalPosition.y
      value: 8.8
      objectReference: {fileID: 0}
    - target: {fileID: 4731494455296472, guid: 5b3590772f8076e448cfdbbee61c0c94, type: 3}
      propertyPath: m_RootOrder
      value: 3
      objectReference: {fileID: 0}
    - target: {fileID: 4731494455296472, guid: 5b3590772f8076e448cfdbbee61c0c94, type: 3}
      propertyPath: m_LocalPosition.x
      value: 97.7
      objectReference: {fileID: 0}
    - target: {fileID: 4731494455296472, guid: 5b3590772f8076e448cfdbbee61c0c94, type: 3}
      propertyPath: m_LocalPosition.y
      value: 1.1
      objectReference: {fileID: 0}
    - target: {fileID: 4731494455296472, guid: 5b3590772f8076e448cfdbbee61c0c94, type: 3}
      propertyPath: m_LocalPosition.z
      value: 0
      objectReference: {fileID: 0}
    - target: {fileID: 4731494455296472, guid: 5b3590772f8076e448cfdbbee61c0c94, type: 3}
      propertyPath: m_LocalRotation.w
      value: 1
      objectReference: {fileID: 0}
    - target: {fileID: 4731494455296472, guid: 5b3590772f8076e448cfdbbee61c0c94, type: 3}
      propertyPath: m_LocalRotation.x
      value: 0
      objectReference: {fileID: 0}
    - target: {fileID: 4731494455296472, guid: 5b3590772f8076e448cfdbbee61c0c94, type: 3}
      propertyPath: m_LocalRotation.y
      value: 0
      objectReference: {fileID: 0}
    - target: {fileID: 4731494455296472, guid: 5b3590772f8076e448cfdbbee61c0c94, type: 3}
      propertyPath: m_LocalRotation.z
      value: 0
      objectReference: {fileID: 0}
    - target: {fileID: 4731494455296472, guid: 5b3590772f8076e448cfdbbee61c0c94, type: 3}
      propertyPath: m_LocalEulerAnglesHint.x
      value: 0
      objectReference: {fileID: 0}
    - target: {fileID: 4731494455296472, guid: 5b3590772f8076e448cfdbbee61c0c94, type: 3}
      propertyPath: m_LocalEulerAnglesHint.y
      value: 0
      objectReference: {fileID: 0}
    - target: {fileID: 4731494455296472, guid: 5b3590772f8076e448cfdbbee61c0c94, type: 3}
      propertyPath: m_LocalEulerAnglesHint.z
      value: 0
      objectReference: {fileID: 0}
    - target: {fileID: 114761444031487610, guid: 5b3590772f8076e448cfdbbee61c0c94,
        type: 3}
      propertyPath: speed
      value: 4.5
      objectReference: {fileID: 0}
    - target: {fileID: 9062822208647474394, guid: 5b3590772f8076e448cfdbbee61c0c94,
        type: 3}
      propertyPath: m_LocalScale.x
      value: 2
      objectReference: {fileID: 0}
    m_RemovedComponents: []
    m_RemovedGameObjects: []
    m_AddedGameObjects: []
    m_AddedComponents: []
  m_SourcePrefab: {fileID: 100100000, guid: 5b3590772f8076e448cfdbbee61c0c94, type: 3}
--- !u!4 &3172707155539038165 stripped
Transform:
  m_CorrespondingSourceObject: {fileID: 4731494455296472, guid: 5b3590772f8076e448cfdbbee61c0c94,
    type: 3}
  m_PrefabInstance: {fileID: 3177139031800368653}
  m_PrefabAsset: {fileID: 0}
--- !u!1001 &3703224827955397022
PrefabInstance:
  m_ObjectHideFlags: 0
  serializedVersion: 2
  m_Modification:
    serializedVersion: 3
    m_TransformParent: {fileID: 4317753027668174}
    m_Modifications:
    - target: {fileID: 6245884301891024097, guid: 825debfde054d2b4b8c7cd1bd524816b,
        type: 3}
      propertyPath: speed
      value: 3.5
      objectReference: {fileID: 0}
    - target: {fileID: 6281025071520459587, guid: 825debfde054d2b4b8c7cd1bd524816b,
        type: 3}
      propertyPath: m_RootOrder
      value: 0
      objectReference: {fileID: 0}
    - target: {fileID: 6281025071520459587, guid: 825debfde054d2b4b8c7cd1bd524816b,
        type: 3}
      propertyPath: m_LocalPosition.x
      value: 27.5
      objectReference: {fileID: 0}
    - target: {fileID: 6281025071520459587, guid: 825debfde054d2b4b8c7cd1bd524816b,
        type: 3}
      propertyPath: m_LocalPosition.y
      value: 2
      objectReference: {fileID: 0}
    - target: {fileID: 6281025071520459587, guid: 825debfde054d2b4b8c7cd1bd524816b,
        type: 3}
      propertyPath: m_LocalPosition.z
      value: 0
      objectReference: {fileID: 0}
    - target: {fileID: 6281025071520459587, guid: 825debfde054d2b4b8c7cd1bd524816b,
        type: 3}
      propertyPath: m_LocalRotation.w
      value: 1
      objectReference: {fileID: 0}
    - target: {fileID: 6281025071520459587, guid: 825debfde054d2b4b8c7cd1bd524816b,
        type: 3}
      propertyPath: m_LocalRotation.x
      value: 0
      objectReference: {fileID: 0}
    - target: {fileID: 6281025071520459587, guid: 825debfde054d2b4b8c7cd1bd524816b,
        type: 3}
      propertyPath: m_LocalRotation.y
      value: 0
      objectReference: {fileID: 0}
    - target: {fileID: 6281025071520459587, guid: 825debfde054d2b4b8c7cd1bd524816b,
        type: 3}
      propertyPath: m_LocalRotation.z
      value: 0
      objectReference: {fileID: 0}
    - target: {fileID: 6281025071520459587, guid: 825debfde054d2b4b8c7cd1bd524816b,
        type: 3}
      propertyPath: m_LocalEulerAnglesHint.x
      value: 0
      objectReference: {fileID: 0}
    - target: {fileID: 6281025071520459587, guid: 825debfde054d2b4b8c7cd1bd524816b,
        type: 3}
      propertyPath: m_LocalEulerAnglesHint.y
      value: 0
      objectReference: {fileID: 0}
    - target: {fileID: 6281025071520459587, guid: 825debfde054d2b4b8c7cd1bd524816b,
        type: 3}
      propertyPath: m_LocalEulerAnglesHint.z
      value: 0
      objectReference: {fileID: 0}
    - target: {fileID: 6284145420598979529, guid: 825debfde054d2b4b8c7cd1bd524816b,
        type: 3}
      propertyPath: m_LocalPosition.x
      value: 30
      objectReference: {fileID: 0}
    - target: {fileID: 6286514926138775373, guid: 825debfde054d2b4b8c7cd1bd524816b,
        type: 3}
      propertyPath: m_Name
      value: SleepMovingBlock
      objectReference: {fileID: 0}
    - target: {fileID: 8130955667339111987, guid: 825debfde054d2b4b8c7cd1bd524816b,
        type: 3}
      propertyPath: m_LocalScale.x
      value: 1.1
      objectReference: {fileID: 0}
    m_RemovedComponents: []
    m_RemovedGameObjects: []
    m_AddedGameObjects: []
    m_AddedComponents: []
  m_SourcePrefab: {fileID: 100100000, guid: 825debfde054d2b4b8c7cd1bd524816b, type: 3}
--- !u!4 &7227943539038808797 stripped
Transform:
  m_CorrespondingSourceObject: {fileID: 6281025071520459587, guid: 825debfde054d2b4b8c7cd1bd524816b,
    type: 3}
  m_PrefabInstance: {fileID: 3703224827955397022}
  m_PrefabAsset: {fileID: 0}
--- !u!1001 &3917014691971252139
PrefabInstance:
  m_ObjectHideFlags: 0
  serializedVersion: 2
  m_Modification:
    serializedVersion: 3
    m_TransformParent: {fileID: 4317753027668174}
    m_Modifications:
    - target: {fileID: 1485244063864546, guid: 093d95d5ada1e404fa2e665e45b3c692, type: 3}
      propertyPath: m_Name
      value: Block (3)
      objectReference: {fileID: 0}
    - target: {fileID: 4875392971546726, guid: 093d95d5ada1e404fa2e665e45b3c692, type: 3}
      propertyPath: m_RootOrder
      value: 8
      objectReference: {fileID: 0}
    - target: {fileID: 4875392971546726, guid: 093d95d5ada1e404fa2e665e45b3c692, type: 3}
      propertyPath: m_LocalPosition.x
      value: 74.6
      objectReference: {fileID: 0}
    - target: {fileID: 4875392971546726, guid: 093d95d5ada1e404fa2e665e45b3c692, type: 3}
      propertyPath: m_LocalPosition.y
      value: 8.7
      objectReference: {fileID: 0}
    - target: {fileID: 4875392971546726, guid: 093d95d5ada1e404fa2e665e45b3c692, type: 3}
      propertyPath: m_LocalPosition.z
      value: 0
      objectReference: {fileID: 0}
    - target: {fileID: 4875392971546726, guid: 093d95d5ada1e404fa2e665e45b3c692, type: 3}
      propertyPath: m_LocalRotation.w
      value: 1
      objectReference: {fileID: 0}
    - target: {fileID: 4875392971546726, guid: 093d95d5ada1e404fa2e665e45b3c692, type: 3}
      propertyPath: m_LocalRotation.x
      value: -0
      objectReference: {fileID: 0}
    - target: {fileID: 4875392971546726, guid: 093d95d5ada1e404fa2e665e45b3c692, type: 3}
      propertyPath: m_LocalRotation.y
      value: -0
      objectReference: {fileID: 0}
    - target: {fileID: 4875392971546726, guid: 093d95d5ada1e404fa2e665e45b3c692, type: 3}
      propertyPath: m_LocalRotation.z
      value: -0
      objectReference: {fileID: 0}
    - target: {fileID: 4875392971546726, guid: 093d95d5ada1e404fa2e665e45b3c692, type: 3}
      propertyPath: m_LocalEulerAnglesHint.x
      value: 0
      objectReference: {fileID: 0}
    - target: {fileID: 4875392971546726, guid: 093d95d5ada1e404fa2e665e45b3c692, type: 3}
      propertyPath: m_LocalEulerAnglesHint.y
      value: 0
      objectReference: {fileID: 0}
    - target: {fileID: 4875392971546726, guid: 093d95d5ada1e404fa2e665e45b3c692, type: 3}
      propertyPath: m_LocalEulerAnglesHint.z
      value: 0
      objectReference: {fileID: 0}
    m_RemovedComponents: []
    m_RemovedGameObjects: []
    m_AddedGameObjects: []
    m_AddedComponents: []
  m_SourcePrefab: {fileID: 100100000, guid: 093d95d5ada1e404fa2e665e45b3c692, type: 3}
--- !u!4 &3912882878099955661 stripped
Transform:
  m_CorrespondingSourceObject: {fileID: 4875392971546726, guid: 093d95d5ada1e404fa2e665e45b3c692,
    type: 3}
  m_PrefabInstance: {fileID: 3917014691971252139}
  m_PrefabAsset: {fileID: 0}
--- !u!1001 &4095186238210213890
PrefabInstance:
  m_ObjectHideFlags: 0
  serializedVersion: 2
  m_Modification:
    serializedVersion: 3
    m_TransformParent: {fileID: 3808747977324417954}
    m_Modifications:
    - target: {fileID: 4248656609890869170, guid: 5036c9e76c561ae49ae7097a6b8d2d7a,
        type: 3}
      propertyPath: m_IsActive
      value: 0
      objectReference: {fileID: 0}
    - target: {fileID: 8718240272869314502, guid: 5036c9e76c561ae49ae7097a6b8d2d7a,
        type: 3}
      propertyPath: m_RootOrder
      value: 1
      objectReference: {fileID: 0}
    - target: {fileID: 8718240272869314502, guid: 5036c9e76c561ae49ae7097a6b8d2d7a,
        type: 3}
      propertyPath: m_LocalPosition.x
      value: 2.9399993
      objectReference: {fileID: 0}
    - target: {fileID: 8718240272869314502, guid: 5036c9e76c561ae49ae7097a6b8d2d7a,
        type: 3}
      propertyPath: m_LocalPosition.y
      value: 3.8
      objectReference: {fileID: 0}
    - target: {fileID: 8718240272869314502, guid: 5036c9e76c561ae49ae7097a6b8d2d7a,
        type: 3}
      propertyPath: m_LocalPosition.z
      value: 0
      objectReference: {fileID: 0}
    - target: {fileID: 8718240272869314502, guid: 5036c9e76c561ae49ae7097a6b8d2d7a,
        type: 3}
      propertyPath: m_LocalRotation.w
      value: 1
      objectReference: {fileID: 0}
    - target: {fileID: 8718240272869314502, guid: 5036c9e76c561ae49ae7097a6b8d2d7a,
        type: 3}
      propertyPath: m_LocalRotation.x
      value: -0
      objectReference: {fileID: 0}
    - target: {fileID: 8718240272869314502, guid: 5036c9e76c561ae49ae7097a6b8d2d7a,
        type: 3}
      propertyPath: m_LocalRotation.y
      value: -0
      objectReference: {fileID: 0}
    - target: {fileID: 8718240272869314502, guid: 5036c9e76c561ae49ae7097a6b8d2d7a,
        type: 3}
      propertyPath: m_LocalRotation.z
      value: -0
      objectReference: {fileID: 0}
    - target: {fileID: 8718240272869314502, guid: 5036c9e76c561ae49ae7097a6b8d2d7a,
        type: 3}
      propertyPath: m_LocalEulerAnglesHint.x
      value: 0
      objectReference: {fileID: 0}
    - target: {fileID: 8718240272869314502, guid: 5036c9e76c561ae49ae7097a6b8d2d7a,
        type: 3}
      propertyPath: m_LocalEulerAnglesHint.y
      value: 0
      objectReference: {fileID: 0}
    - target: {fileID: 8718240272869314502, guid: 5036c9e76c561ae49ae7097a6b8d2d7a,
        type: 3}
      propertyPath: m_LocalEulerAnglesHint.z
      value: 0
      objectReference: {fileID: 0}
    - target: {fileID: 8718240272869314503, guid: 5036c9e76c561ae49ae7097a6b8d2d7a,
        type: 3}
      propertyPath: m_Name
      value: StingCircle (1)
      objectReference: {fileID: 0}
    m_RemovedComponents: []
    m_RemovedGameObjects: []
    m_AddedGameObjects: []
    m_AddedComponents: []
  m_SourcePrefab: {fileID: 100100000, guid: 5036c9e76c561ae49ae7097a6b8d2d7a, type: 3}
--- !u!4 &4623067587196471236 stripped
Transform:
  m_CorrespondingSourceObject: {fileID: 8718240272869314502, guid: 5036c9e76c561ae49ae7097a6b8d2d7a,
    type: 3}
  m_PrefabInstance: {fileID: 4095186238210213890}
  m_PrefabAsset: {fileID: 0}
--- !u!1001 &5014871253586434153
PrefabInstance:
  m_ObjectHideFlags: 0
  serializedVersion: 2
  m_Modification:
    serializedVersion: 3
    m_TransformParent: {fileID: 3808747977324417954}
    m_Modifications:
    - target: {fileID: 4248656609890869170, guid: 5036c9e76c561ae49ae7097a6b8d2d7a,
        type: 3}
      propertyPath: m_IsActive
      value: 0
      objectReference: {fileID: 0}
    - target: {fileID: 8718240272869314502, guid: 5036c9e76c561ae49ae7097a6b8d2d7a,
        type: 3}
      propertyPath: m_RootOrder
      value: 11
      objectReference: {fileID: 0}
    - target: {fileID: 8718240272869314502, guid: 5036c9e76c561ae49ae7097a6b8d2d7a,
        type: 3}
      propertyPath: m_LocalPosition.x
      value: 116.2
      objectReference: {fileID: 0}
    - target: {fileID: 8718240272869314502, guid: 5036c9e76c561ae49ae7097a6b8d2d7a,
        type: 3}
      propertyPath: m_LocalPosition.y
      value: -1.6
      objectReference: {fileID: 0}
    - target: {fileID: 8718240272869314502, guid: 5036c9e76c561ae49ae7097a6b8d2d7a,
        type: 3}
      propertyPath: m_LocalPosition.z
      value: 0
      objectReference: {fileID: 0}
    - target: {fileID: 8718240272869314502, guid: 5036c9e76c561ae49ae7097a6b8d2d7a,
        type: 3}
      propertyPath: m_LocalRotation.w
      value: 1
      objectReference: {fileID: 0}
    - target: {fileID: 8718240272869314502, guid: 5036c9e76c561ae49ae7097a6b8d2d7a,
        type: 3}
      propertyPath: m_LocalRotation.x
      value: -0
      objectReference: {fileID: 0}
    - target: {fileID: 8718240272869314502, guid: 5036c9e76c561ae49ae7097a6b8d2d7a,
        type: 3}
      propertyPath: m_LocalRotation.y
      value: -0
      objectReference: {fileID: 0}
    - target: {fileID: 8718240272869314502, guid: 5036c9e76c561ae49ae7097a6b8d2d7a,
        type: 3}
      propertyPath: m_LocalRotation.z
      value: -0
      objectReference: {fileID: 0}
    - target: {fileID: 8718240272869314502, guid: 5036c9e76c561ae49ae7097a6b8d2d7a,
        type: 3}
      propertyPath: m_LocalEulerAnglesHint.x
      value: 0
      objectReference: {fileID: 0}
    - target: {fileID: 8718240272869314502, guid: 5036c9e76c561ae49ae7097a6b8d2d7a,
        type: 3}
      propertyPath: m_LocalEulerAnglesHint.y
      value: 0
      objectReference: {fileID: 0}
    - target: {fileID: 8718240272869314502, guid: 5036c9e76c561ae49ae7097a6b8d2d7a,
        type: 3}
      propertyPath: m_LocalEulerAnglesHint.z
      value: 0
      objectReference: {fileID: 0}
    - target: {fileID: 8718240272869314503, guid: 5036c9e76c561ae49ae7097a6b8d2d7a,
        type: 3}
      propertyPath: m_Name
      value: StingCircle (11)
      objectReference: {fileID: 0}
    m_RemovedComponents: []
    m_RemovedGameObjects: []
    m_AddedGameObjects: []
    m_AddedComponents: []
  m_SourcePrefab: {fileID: 100100000, guid: 5036c9e76c561ae49ae7097a6b8d2d7a, type: 3}
--- !u!4 &4423959266737985455 stripped
Transform:
  m_CorrespondingSourceObject: {fileID: 8718240272869314502, guid: 5036c9e76c561ae49ae7097a6b8d2d7a,
    type: 3}
  m_PrefabInstance: {fileID: 5014871253586434153}
  m_PrefabAsset: {fileID: 0}
--- !u!1001 &6105496016579399076
PrefabInstance:
  m_ObjectHideFlags: 0
  serializedVersion: 2
  m_Modification:
    serializedVersion: 3
    m_TransformParent: {fileID: 4317753027668174}
    m_Modifications:
    - target: {fileID: 1485244063864546, guid: 093d95d5ada1e404fa2e665e45b3c692, type: 3}
      propertyPath: m_Name
      value: Block (1)
      objectReference: {fileID: 0}
    - target: {fileID: 4875392971546726, guid: 093d95d5ada1e404fa2e665e45b3c692, type: 3}
      propertyPath: m_RootOrder
      value: 6
      objectReference: {fileID: 0}
    - target: {fileID: 4875392971546726, guid: 093d95d5ada1e404fa2e665e45b3c692, type: 3}
      propertyPath: m_LocalPosition.x
      value: 10.5
      objectReference: {fileID: 0}
    - target: {fileID: 4875392971546726, guid: 093d95d5ada1e404fa2e665e45b3c692, type: 3}
      propertyPath: m_LocalPosition.y
      value: 2.8
      objectReference: {fileID: 0}
    - target: {fileID: 4875392971546726, guid: 093d95d5ada1e404fa2e665e45b3c692, type: 3}
      propertyPath: m_LocalPosition.z
      value: 0
      objectReference: {fileID: 0}
    - target: {fileID: 4875392971546726, guid: 093d95d5ada1e404fa2e665e45b3c692, type: 3}
      propertyPath: m_LocalRotation.w
      value: 1
      objectReference: {fileID: 0}
    - target: {fileID: 4875392971546726, guid: 093d95d5ada1e404fa2e665e45b3c692, type: 3}
      propertyPath: m_LocalRotation.x
      value: -0
      objectReference: {fileID: 0}
    - target: {fileID: 4875392971546726, guid: 093d95d5ada1e404fa2e665e45b3c692, type: 3}
      propertyPath: m_LocalRotation.y
      value: -0
      objectReference: {fileID: 0}
    - target: {fileID: 4875392971546726, guid: 093d95d5ada1e404fa2e665e45b3c692, type: 3}
      propertyPath: m_LocalRotation.z
      value: -0
      objectReference: {fileID: 0}
    - target: {fileID: 4875392971546726, guid: 093d95d5ada1e404fa2e665e45b3c692, type: 3}
      propertyPath: m_LocalEulerAnglesHint.x
      value: 0
      objectReference: {fileID: 0}
    - target: {fileID: 4875392971546726, guid: 093d95d5ada1e404fa2e665e45b3c692, type: 3}
      propertyPath: m_LocalEulerAnglesHint.y
      value: 0
      objectReference: {fileID: 0}
    - target: {fileID: 4875392971546726, guid: 093d95d5ada1e404fa2e665e45b3c692, type: 3}
      propertyPath: m_LocalEulerAnglesHint.z
      value: 0
      objectReference: {fileID: 0}
    - target: {fileID: 3013195103163533777, guid: 093d95d5ada1e404fa2e665e45b3c692,
        type: 3}
      propertyPath: m_LocalScale.x
      value: 0.73
      objectReference: {fileID: 0}
    m_RemovedComponents: []
    m_RemovedGameObjects: []
    m_AddedGameObjects: []
    m_AddedComponents: []
  m_SourcePrefab: {fileID: 100100000, guid: 093d95d5ada1e404fa2e665e45b3c692, type: 3}
--- !u!4 &6100766039462817218 stripped
Transform:
  m_CorrespondingSourceObject: {fileID: 4875392971546726, guid: 093d95d5ada1e404fa2e665e45b3c692,
    type: 3}
  m_PrefabInstance: {fileID: 6105496016579399076}
  m_PrefabAsset: {fileID: 0}
--- !u!1001 &6338883990801271772
PrefabInstance:
  m_ObjectHideFlags: 0
  serializedVersion: 2
  m_Modification:
    serializedVersion: 3
    m_TransformParent: {fileID: 4436042907457912}
    m_Modifications:
    - target: {fileID: 2320551842207795533, guid: 76916d4175c432e46800cce8299bfa6a,
        type: 3}
      propertyPath: m_Name
      value: EndPoint
      objectReference: {fileID: 0}
    - target: {fileID: 2323631769857205585, guid: 76916d4175c432e46800cce8299bfa6a,
        type: 3}
      propertyPath: m_RootOrder
      value: 2
      objectReference: {fileID: 0}
    - target: {fileID: 2323631769857205585, guid: 76916d4175c432e46800cce8299bfa6a,
        type: 3}
      propertyPath: m_LocalPosition.x
      value: 130
      objectReference: {fileID: 0}
    - target: {fileID: 2323631769857205585, guid: 76916d4175c432e46800cce8299bfa6a,
        type: 3}
      propertyPath: m_LocalPosition.y
      value: 0
      objectReference: {fileID: 0}
    - target: {fileID: 2323631769857205585, guid: 76916d4175c432e46800cce8299bfa6a,
        type: 3}
      propertyPath: m_LocalPosition.z
      value: 0
      objectReference: {fileID: 0}
    - target: {fileID: 2323631769857205585, guid: 76916d4175c432e46800cce8299bfa6a,
        type: 3}
      propertyPath: m_LocalRotation.w
      value: 1
      objectReference: {fileID: 0}
    - target: {fileID: 2323631769857205585, guid: 76916d4175c432e46800cce8299bfa6a,
        type: 3}
      propertyPath: m_LocalRotation.x
      value: 0
      objectReference: {fileID: 0}
    - target: {fileID: 2323631769857205585, guid: 76916d4175c432e46800cce8299bfa6a,
        type: 3}
      propertyPath: m_LocalRotation.y
      value: 0
      objectReference: {fileID: 0}
    - target: {fileID: 2323631769857205585, guid: 76916d4175c432e46800cce8299bfa6a,
        type: 3}
      propertyPath: m_LocalRotation.z
      value: 0
      objectReference: {fileID: 0}
    - target: {fileID: 2323631769857205585, guid: 76916d4175c432e46800cce8299bfa6a,
        type: 3}
      propertyPath: m_LocalEulerAnglesHint.x
      value: 0
      objectReference: {fileID: 0}
    - target: {fileID: 2323631769857205585, guid: 76916d4175c432e46800cce8299bfa6a,
        type: 3}
      propertyPath: m_LocalEulerAnglesHint.y
      value: 0
      objectReference: {fileID: 0}
    - target: {fileID: 2323631769857205585, guid: 76916d4175c432e46800cce8299bfa6a,
        type: 3}
      propertyPath: m_LocalEulerAnglesHint.z
      value: 0
      objectReference: {fileID: 0}
    m_RemovedComponents: []
    m_RemovedGameObjects: []
    m_AddedGameObjects: []
    m_AddedComponents: []
  m_SourcePrefab: {fileID: 100100000, guid: 76916d4175c432e46800cce8299bfa6a, type: 3}
--- !u!4 &8630884456098983565 stripped
Transform:
  m_CorrespondingSourceObject: {fileID: 2323631769857205585, guid: 76916d4175c432e46800cce8299bfa6a,
    type: 3}
  m_PrefabInstance: {fileID: 6338883990801271772}
  m_PrefabAsset: {fileID: 0}
--- !u!1001 &7138093418470977345
PrefabInstance:
  m_ObjectHideFlags: 0
  serializedVersion: 2
  m_Modification:
    serializedVersion: 3
    m_TransformParent: {fileID: 4317753027668174}
    m_Modifications:
    - target: {fileID: 6245884301891024097, guid: 825debfde054d2b4b8c7cd1bd524816b,
        type: 3}
      propertyPath: speed
      value: 4.5
      objectReference: {fileID: 0}
    - target: {fileID: 6281025071520459587, guid: 825debfde054d2b4b8c7cd1bd524816b,
        type: 3}
      propertyPath: m_RootOrder
      value: 2
      objectReference: {fileID: 0}
    - target: {fileID: 6281025071520459587, guid: 825debfde054d2b4b8c7cd1bd524816b,
        type: 3}
      propertyPath: m_LocalPosition.x
      value: 63.8
      objectReference: {fileID: 0}
    - target: {fileID: 6281025071520459587, guid: 825debfde054d2b4b8c7cd1bd524816b,
        type: 3}
      propertyPath: m_LocalPosition.y
      value: 7.14
      objectReference: {fileID: 0}
    - target: {fileID: 6281025071520459587, guid: 825debfde054d2b4b8c7cd1bd524816b,
        type: 3}
      propertyPath: m_LocalPosition.z
      value: 0
      objectReference: {fileID: 0}
    - target: {fileID: 6281025071520459587, guid: 825debfde054d2b4b8c7cd1bd524816b,
        type: 3}
      propertyPath: m_LocalRotation.w
      value: 1
      objectReference: {fileID: 0}
    - target: {fileID: 6281025071520459587, guid: 825debfde054d2b4b8c7cd1bd524816b,
        type: 3}
      propertyPath: m_LocalRotation.x
      value: -0
      objectReference: {fileID: 0}
    - target: {fileID: 6281025071520459587, guid: 825debfde054d2b4b8c7cd1bd524816b,
        type: 3}
      propertyPath: m_LocalRotation.y
      value: -0
      objectReference: {fileID: 0}
    - target: {fileID: 6281025071520459587, guid: 825debfde054d2b4b8c7cd1bd524816b,
        type: 3}
      propertyPath: m_LocalRotation.z
      value: -0
      objectReference: {fileID: 0}
    - target: {fileID: 6281025071520459587, guid: 825debfde054d2b4b8c7cd1bd524816b,
        type: 3}
      propertyPath: m_LocalEulerAnglesHint.x
      value: 0
      objectReference: {fileID: 0}
    - target: {fileID: 6281025071520459587, guid: 825debfde054d2b4b8c7cd1bd524816b,
        type: 3}
      propertyPath: m_LocalEulerAnglesHint.y
      value: 0
      objectReference: {fileID: 0}
    - target: {fileID: 6281025071520459587, guid: 825debfde054d2b4b8c7cd1bd524816b,
        type: 3}
      propertyPath: m_LocalEulerAnglesHint.z
      value: 0
      objectReference: {fileID: 0}
    - target: {fileID: 6284145420598979529, guid: 825debfde054d2b4b8c7cd1bd524816b,
        type: 3}
      propertyPath: m_LocalPosition.x
      value: 20.2
      objectReference: {fileID: 0}
    - target: {fileID: 6286514926138775373, guid: 825debfde054d2b4b8c7cd1bd524816b,
        type: 3}
      propertyPath: m_Name
      value: SleepMovingBlock (2)
      objectReference: {fileID: 0}
    - target: {fileID: 8130955667339111987, guid: 825debfde054d2b4b8c7cd1bd524816b,
        type: 3}
      propertyPath: m_LocalScale.x
      value: 0.8
      objectReference: {fileID: 0}
    m_RemovedComponents: []
    m_RemovedGameObjects: []
    m_AddedGameObjects: []
    m_AddedComponents: []
  m_SourcePrefab: {fileID: 100100000, guid: 825debfde054d2b4b8c7cd1bd524816b, type: 3}
--- !u!4 &3757467889100686338 stripped
Transform:
  m_CorrespondingSourceObject: {fileID: 6281025071520459587, guid: 825debfde054d2b4b8c7cd1bd524816b,
    type: 3}
  m_PrefabInstance: {fileID: 7138093418470977345}
  m_PrefabAsset: {fileID: 0}
--- !u!1001 &7602577077357493434
PrefabInstance:
  m_ObjectHideFlags: 0
  serializedVersion: 2
  m_Modification:
    serializedVersion: 3
    m_TransformParent: {fileID: 4317753027668174}
    m_Modifications:
    - target: {fileID: 1485244063864546, guid: 093d95d5ada1e404fa2e665e45b3c692, type: 3}
      propertyPath: m_Name
      value: Block (2)
      objectReference: {fileID: 0}
    - target: {fileID: 4875392971546726, guid: 093d95d5ada1e404fa2e665e45b3c692, type: 3}
      propertyPath: m_RootOrder
      value: 7
      objectReference: {fileID: 0}
    - target: {fileID: 4875392971546726, guid: 093d95d5ada1e404fa2e665e45b3c692, type: 3}
      propertyPath: m_LocalPosition.x
      value: 17.5
      objectReference: {fileID: 0}
    - target: {fileID: 4875392971546726, guid: 093d95d5ada1e404fa2e665e45b3c692, type: 3}
      propertyPath: m_LocalPosition.y
      value: 1.6
      objectReference: {fileID: 0}
    - target: {fileID: 4875392971546726, guid: 093d95d5ada1e404fa2e665e45b3c692, type: 3}
      propertyPath: m_LocalPosition.z
      value: 0
      objectReference: {fileID: 0}
    - target: {fileID: 4875392971546726, guid: 093d95d5ada1e404fa2e665e45b3c692, type: 3}
      propertyPath: m_LocalRotation.w
      value: 1
      objectReference: {fileID: 0}
    - target: {fileID: 4875392971546726, guid: 093d95d5ada1e404fa2e665e45b3c692, type: 3}
      propertyPath: m_LocalRotation.x
      value: -0
      objectReference: {fileID: 0}
    - target: {fileID: 4875392971546726, guid: 093d95d5ada1e404fa2e665e45b3c692, type: 3}
      propertyPath: m_LocalRotation.y
      value: -0
      objectReference: {fileID: 0}
    - target: {fileID: 4875392971546726, guid: 093d95d5ada1e404fa2e665e45b3c692, type: 3}
      propertyPath: m_LocalRotation.z
      value: -0
      objectReference: {fileID: 0}
    - target: {fileID: 4875392971546726, guid: 093d95d5ada1e404fa2e665e45b3c692, type: 3}
      propertyPath: m_LocalEulerAnglesHint.x
      value: 0
      objectReference: {fileID: 0}
    - target: {fileID: 4875392971546726, guid: 093d95d5ada1e404fa2e665e45b3c692, type: 3}
      propertyPath: m_LocalEulerAnglesHint.y
      value: 0
      objectReference: {fileID: 0}
    - target: {fileID: 4875392971546726, guid: 093d95d5ada1e404fa2e665e45b3c692, type: 3}
      propertyPath: m_LocalEulerAnglesHint.z
      value: 0
      objectReference: {fileID: 0}
    - target: {fileID: 3013195103163533777, guid: 093d95d5ada1e404fa2e665e45b3c692,
        type: 3}
      propertyPath: m_LocalScale.x
      value: 0.7
      objectReference: {fileID: 0}
    m_RemovedComponents: []
    m_RemovedGameObjects: []
    m_AddedGameObjects: []
    m_AddedComponents: []
  m_SourcePrefab: {fileID: 100100000, guid: 093d95d5ada1e404fa2e665e45b3c692, type: 3}
--- !u!4 &7606744382688861404 stripped
Transform:
  m_CorrespondingSourceObject: {fileID: 4875392971546726, guid: 093d95d5ada1e404fa2e665e45b3c692,
    type: 3}
  m_PrefabInstance: {fileID: 7602577077357493434}
  m_PrefabAsset: {fileID: 0}
--- !u!1001 &7927193407406562212
PrefabInstance:
  m_ObjectHideFlags: 0
  serializedVersion: 2
  m_Modification:
    serializedVersion: 3
    m_TransformParent: {fileID: 3808747977324417954}
    m_Modifications:
    - target: {fileID: 4248656609890869170, guid: 5036c9e76c561ae49ae7097a6b8d2d7a,
        type: 3}
      propertyPath: m_IsActive
      value: 0
      objectReference: {fileID: 0}
    - target: {fileID: 8718240272869314502, guid: 5036c9e76c561ae49ae7097a6b8d2d7a,
        type: 3}
      propertyPath: m_RootOrder
      value: 2
      objectReference: {fileID: 0}
    - target: {fileID: 8718240272869314502, guid: 5036c9e76c561ae49ae7097a6b8d2d7a,
        type: 3}
      propertyPath: m_LocalPosition.x
      value: 24.44
      objectReference: {fileID: 0}
    - target: {fileID: 8718240272869314502, guid: 5036c9e76c561ae49ae7097a6b8d2d7a,
        type: 3}
      propertyPath: m_LocalPosition.y
      value: 2.88
      objectReference: {fileID: 0}
    - target: {fileID: 8718240272869314502, guid: 5036c9e76c561ae49ae7097a6b8d2d7a,
        type: 3}
      propertyPath: m_LocalPosition.z
      value: 0
      objectReference: {fileID: 0}
    - target: {fileID: 8718240272869314502, guid: 5036c9e76c561ae49ae7097a6b8d2d7a,
        type: 3}
      propertyPath: m_LocalRotation.w
      value: 1
      objectReference: {fileID: 0}
    - target: {fileID: 8718240272869314502, guid: 5036c9e76c561ae49ae7097a6b8d2d7a,
        type: 3}
      propertyPath: m_LocalRotation.x
      value: 0
      objectReference: {fileID: 0}
    - target: {fileID: 8718240272869314502, guid: 5036c9e76c561ae49ae7097a6b8d2d7a,
        type: 3}
      propertyPath: m_LocalRotation.y
      value: 0
      objectReference: {fileID: 0}
    - target: {fileID: 8718240272869314502, guid: 5036c9e76c561ae49ae7097a6b8d2d7a,
        type: 3}
      propertyPath: m_LocalRotation.z
      value: 0
      objectReference: {fileID: 0}
    - target: {fileID: 8718240272869314502, guid: 5036c9e76c561ae49ae7097a6b8d2d7a,
        type: 3}
      propertyPath: m_LocalEulerAnglesHint.x
      value: 0
      objectReference: {fileID: 0}
    - target: {fileID: 8718240272869314502, guid: 5036c9e76c561ae49ae7097a6b8d2d7a,
        type: 3}
      propertyPath: m_LocalEulerAnglesHint.y
      value: 0
      objectReference: {fileID: 0}
    - target: {fileID: 8718240272869314502, guid: 5036c9e76c561ae49ae7097a6b8d2d7a,
        type: 3}
      propertyPath: m_LocalEulerAnglesHint.z
      value: 0
      objectReference: {fileID: 0}
    - target: {fileID: 8718240272869314503, guid: 5036c9e76c561ae49ae7097a6b8d2d7a,
        type: 3}
      propertyPath: m_Name
      value: StingCircle (2)
      objectReference: {fileID: 0}
    - target: {fileID: 8718240273795574392, guid: 5036c9e76c561ae49ae7097a6b8d2d7a,
        type: 3}
      propertyPath: m_LocalScale.x
      value: 1.825
      objectReference: {fileID: 0}
    - target: {fileID: 8718240273795574392, guid: 5036c9e76c561ae49ae7097a6b8d2d7a,
        type: 3}
      propertyPath: m_LocalScale.y
      value: 1.825
      objectReference: {fileID: 0}
    m_RemovedComponents: []
    m_RemovedGameObjects: []
    m_AddedGameObjects: []
    m_AddedComponents: []
  m_SourcePrefab: {fileID: 100100000, guid: 5036c9e76c561ae49ae7097a6b8d2d7a, type: 3}
--- !u!4 &1656872974728828002 stripped
Transform:
  m_CorrespondingSourceObject: {fileID: 8718240272869314502, guid: 5036c9e76c561ae49ae7097a6b8d2d7a,
    type: 3}
  m_PrefabInstance: {fileID: 7927193407406562212}
  m_PrefabAsset: {fileID: 0}
--- !u!1001 &8674290975037133966
PrefabInstance:
  m_ObjectHideFlags: 0
  serializedVersion: 2
  m_Modification:
    serializedVersion: 3
    m_TransformParent: {fileID: 3808747977324417954}
    m_Modifications:
    - target: {fileID: 4248656609890869170, guid: 5036c9e76c561ae49ae7097a6b8d2d7a,
        type: 3}
      propertyPath: m_IsActive
      value: 0
      objectReference: {fileID: 0}
    - target: {fileID: 8718240272869314502, guid: 5036c9e76c561ae49ae7097a6b8d2d7a,
        type: 3}
      propertyPath: m_RootOrder
      value: 9
      objectReference: {fileID: 0}
    - target: {fileID: 8718240272869314502, guid: 5036c9e76c561ae49ae7097a6b8d2d7a,
        type: 3}
      propertyPath: m_LocalPosition.x
      value: 102.5
      objectReference: {fileID: 0}
    - target: {fileID: 8718240272869314502, guid: 5036c9e76c561ae49ae7097a6b8d2d7a,
        type: 3}
      propertyPath: m_LocalPosition.y
      value: 11.35
      objectReference: {fileID: 0}
    - target: {fileID: 8718240272869314502, guid: 5036c9e76c561ae49ae7097a6b8d2d7a,
        type: 3}
      propertyPath: m_LocalPosition.z
      value: 0
      objectReference: {fileID: 0}
    - target: {fileID: 8718240272869314502, guid: 5036c9e76c561ae49ae7097a6b8d2d7a,
        type: 3}
      propertyPath: m_LocalRotation.w
      value: 1
      objectReference: {fileID: 0}
    - target: {fileID: 8718240272869314502, guid: 5036c9e76c561ae49ae7097a6b8d2d7a,
        type: 3}
      propertyPath: m_LocalRotation.x
      value: -0
      objectReference: {fileID: 0}
    - target: {fileID: 8718240272869314502, guid: 5036c9e76c561ae49ae7097a6b8d2d7a,
        type: 3}
      propertyPath: m_LocalRotation.y
      value: -0
      objectReference: {fileID: 0}
    - target: {fileID: 8718240272869314502, guid: 5036c9e76c561ae49ae7097a6b8d2d7a,
        type: 3}
      propertyPath: m_LocalRotation.z
      value: -0
      objectReference: {fileID: 0}
    - target: {fileID: 8718240272869314502, guid: 5036c9e76c561ae49ae7097a6b8d2d7a,
        type: 3}
      propertyPath: m_LocalEulerAnglesHint.x
      value: 0
      objectReference: {fileID: 0}
    - target: {fileID: 8718240272869314502, guid: 5036c9e76c561ae49ae7097a6b8d2d7a,
        type: 3}
      propertyPath: m_LocalEulerAnglesHint.y
      value: 0
      objectReference: {fileID: 0}
    - target: {fileID: 8718240272869314502, guid: 5036c9e76c561ae49ae7097a6b8d2d7a,
        type: 3}
      propertyPath: m_LocalEulerAnglesHint.z
      value: 0
      objectReference: {fileID: 0}
    - target: {fileID: 8718240272869314503, guid: 5036c9e76c561ae49ae7097a6b8d2d7a,
        type: 3}
      propertyPath: m_Name
      value: StingCircle (9)
      objectReference: {fileID: 0}
    m_RemovedComponents: []
    m_RemovedGameObjects: []
    m_AddedGameObjects: []
    m_AddedComponents: []
  m_SourcePrefab: {fileID: 100100000, guid: 5036c9e76c561ae49ae7097a6b8d2d7a, type: 3}
--- !u!4 &43959543110458184 stripped
Transform:
  m_CorrespondingSourceObject: {fileID: 8718240272869314502, guid: 5036c9e76c561ae49ae7097a6b8d2d7a,
    type: 3}
  m_PrefabInstance: {fileID: 8674290975037133966}
  m_PrefabAsset: {fileID: 0}
--- !u!1001 &8957189546701170201
PrefabInstance:
  m_ObjectHideFlags: 0
  serializedVersion: 2
  m_Modification:
    serializedVersion: 3
    m_TransformParent: {fileID: 4317753027668174}
    m_Modifications:
    - target: {fileID: 6245884301891024097, guid: 825debfde054d2b4b8c7cd1bd524816b,
        type: 3}
      propertyPath: speed
      value: 4
      objectReference: {fileID: 0}
    - target: {fileID: 6281025071520459587, guid: 825debfde054d2b4b8c7cd1bd524816b,
        type: 3}
      propertyPath: m_RootOrder
      value: 1
      objectReference: {fileID: 0}
    - target: {fileID: 6281025071520459587, guid: 825debfde054d2b4b8c7cd1bd524816b,
        type: 3}
      propertyPath: m_LocalPosition.x
      value: 47
      objectReference: {fileID: 0}
    - target: {fileID: 6281025071520459587, guid: 825debfde054d2b4b8c7cd1bd524816b,
        type: 3}
      propertyPath: m_LocalPosition.y
      value: 4.9
      objectReference: {fileID: 0}
    - target: {fileID: 6281025071520459587, guid: 825debfde054d2b4b8c7cd1bd524816b,
        type: 3}
      propertyPath: m_LocalPosition.z
      value: 0
      objectReference: {fileID: 0}
    - target: {fileID: 6281025071520459587, guid: 825debfde054d2b4b8c7cd1bd524816b,
        type: 3}
      propertyPath: m_LocalRotation.w
      value: 1
      objectReference: {fileID: 0}
    - target: {fileID: 6281025071520459587, guid: 825debfde054d2b4b8c7cd1bd524816b,
        type: 3}
      propertyPath: m_LocalRotation.x
      value: -0
      objectReference: {fileID: 0}
    - target: {fileID: 6281025071520459587, guid: 825debfde054d2b4b8c7cd1bd524816b,
        type: 3}
      propertyPath: m_LocalRotation.y
      value: -0
      objectReference: {fileID: 0}
    - target: {fileID: 6281025071520459587, guid: 825debfde054d2b4b8c7cd1bd524816b,
        type: 3}
      propertyPath: m_LocalRotation.z
      value: -0
      objectReference: {fileID: 0}
    - target: {fileID: 6281025071520459587, guid: 825debfde054d2b4b8c7cd1bd524816b,
        type: 3}
      propertyPath: m_LocalEulerAnglesHint.x
      value: 0
      objectReference: {fileID: 0}
    - target: {fileID: 6281025071520459587, guid: 825debfde054d2b4b8c7cd1bd524816b,
        type: 3}
      propertyPath: m_LocalEulerAnglesHint.y
      value: 0
      objectReference: {fileID: 0}
    - target: {fileID: 6281025071520459587, guid: 825debfde054d2b4b8c7cd1bd524816b,
        type: 3}
      propertyPath: m_LocalEulerAnglesHint.z
      value: 0
      objectReference: {fileID: 0}
    - target: {fileID: 6284145420598979529, guid: 825debfde054d2b4b8c7cd1bd524816b,
        type: 3}
      propertyPath: m_LocalPosition.x
      value: 22.3
      objectReference: {fileID: 0}
    - target: {fileID: 6286514926138775373, guid: 825debfde054d2b4b8c7cd1bd524816b,
        type: 3}
      propertyPath: m_Name
      value: SleepMovingBlock (1)
      objectReference: {fileID: 0}
    m_RemovedComponents: []
    m_RemovedGameObjects: []
    m_AddedGameObjects: []
    m_AddedComponents: []
  m_SourcePrefab: {fileID: 100100000, guid: 825debfde054d2b4b8c7cd1bd524816b, type: 3}
--- !u!4 &3126900470929132890 stripped
Transform:
  m_CorrespondingSourceObject: {fileID: 6281025071520459587, guid: 825debfde054d2b4b8c7cd1bd524816b,
    type: 3}
  m_PrefabInstance: {fileID: 8957189546701170201}
  m_PrefabAsset: {fileID: 0}
--- !u!1001 &9048089380864445406
PrefabInstance:
  m_ObjectHideFlags: 0
  serializedVersion: 2
  m_Modification:
    serializedVersion: 3
    m_TransformParent: {fileID: 3808747977324417954}
    m_Modifications:
    - target: {fileID: 4248656609890869170, guid: 5036c9e76c561ae49ae7097a6b8d2d7a,
        type: 3}
      propertyPath: m_IsActive
      value: 0
      objectReference: {fileID: 0}
    - target: {fileID: 8718240272869314502, guid: 5036c9e76c561ae49ae7097a6b8d2d7a,
        type: 3}
      propertyPath: m_RootOrder
      value: 0
      objectReference: {fileID: 0}
    - target: {fileID: 8718240272869314502, guid: 5036c9e76c561ae49ae7097a6b8d2d7a,
        type: 3}
      propertyPath: m_LocalPosition.x
      value: 2.9399993
      objectReference: {fileID: 0}
    - target: {fileID: 8718240272869314502, guid: 5036c9e76c561ae49ae7097a6b8d2d7a,
        type: 3}
      propertyPath: m_LocalPosition.y
      value: 1.7
      objectReference: {fileID: 0}
    - target: {fileID: 8718240272869314502, guid: 5036c9e76c561ae49ae7097a6b8d2d7a,
        type: 3}
      propertyPath: m_LocalPosition.z
      value: 0
      objectReference: {fileID: 0}
    - target: {fileID: 8718240272869314502, guid: 5036c9e76c561ae49ae7097a6b8d2d7a,
        type: 3}
      propertyPath: m_LocalRotation.w
      value: 1
      objectReference: {fileID: 0}
    - target: {fileID: 8718240272869314502, guid: 5036c9e76c561ae49ae7097a6b8d2d7a,
        type: 3}
      propertyPath: m_LocalRotation.x
      value: -0
      objectReference: {fileID: 0}
    - target: {fileID: 8718240272869314502, guid: 5036c9e76c561ae49ae7097a6b8d2d7a,
        type: 3}
      propertyPath: m_LocalRotation.y
      value: -0
      objectReference: {fileID: 0}
    - target: {fileID: 8718240272869314502, guid: 5036c9e76c561ae49ae7097a6b8d2d7a,
        type: 3}
      propertyPath: m_LocalRotation.z
      value: -0
      objectReference: {fileID: 0}
    - target: {fileID: 8718240272869314502, guid: 5036c9e76c561ae49ae7097a6b8d2d7a,
        type: 3}
      propertyPath: m_LocalEulerAnglesHint.x
      value: 0
      objectReference: {fileID: 0}
    - target: {fileID: 8718240272869314502, guid: 5036c9e76c561ae49ae7097a6b8d2d7a,
        type: 3}
      propertyPath: m_LocalEulerAnglesHint.y
      value: 0
      objectReference: {fileID: 0}
    - target: {fileID: 8718240272869314502, guid: 5036c9e76c561ae49ae7097a6b8d2d7a,
        type: 3}
      propertyPath: m_LocalEulerAnglesHint.z
      value: 0
      objectReference: {fileID: 0}
    - target: {fileID: 8718240272869314503, guid: 5036c9e76c561ae49ae7097a6b8d2d7a,
        type: 3}
      propertyPath: m_Name
      value: StingCircle
      objectReference: {fileID: 0}
    m_RemovedComponents: []
    m_RemovedGameObjects: []
    m_AddedGameObjects: []
    m_AddedComponents: []
  m_SourcePrefab: {fileID: 100100000, guid: 5036c9e76c561ae49ae7097a6b8d2d7a, type: 3}
--- !u!4 &390735698271503384 stripped
Transform:
  m_CorrespondingSourceObject: {fileID: 8718240272869314502, guid: 5036c9e76c561ae49ae7097a6b8d2d7a,
    type: 3}
  m_PrefabInstance: {fileID: 9048089380864445406}
  m_PrefabAsset: {fileID: 0}
--- !u!1001 &9123117741182375246
PrefabInstance:
  m_ObjectHideFlags: 0
  serializedVersion: 2
  m_Modification:
    serializedVersion: 3
    m_TransformParent: {fileID: 3808747977324417954}
    m_Modifications:
    - target: {fileID: 4248656609890869170, guid: 5036c9e76c561ae49ae7097a6b8d2d7a,
        type: 3}
      propertyPath: m_IsActive
      value: 0
      objectReference: {fileID: 0}
    - target: {fileID: 8718240272869314502, guid: 5036c9e76c561ae49ae7097a6b8d2d7a,
        type: 3}
      propertyPath: m_RootOrder
      value: 6
      objectReference: {fileID: 0}
    - target: {fileID: 8718240272869314502, guid: 5036c9e76c561ae49ae7097a6b8d2d7a,
        type: 3}
      propertyPath: m_LocalPosition.x
      value: 55.7
      objectReference: {fileID: 0}
    - target: {fileID: 8718240272869314502, guid: 5036c9e76c561ae49ae7097a6b8d2d7a,
        type: 3}
      propertyPath: m_LocalPosition.y
      value: 6.1
      objectReference: {fileID: 0}
    - target: {fileID: 8718240272869314502, guid: 5036c9e76c561ae49ae7097a6b8d2d7a,
        type: 3}
      propertyPath: m_LocalPosition.z
      value: 0
      objectReference: {fileID: 0}
    - target: {fileID: 8718240272869314502, guid: 5036c9e76c561ae49ae7097a6b8d2d7a,
        type: 3}
      propertyPath: m_LocalRotation.w
      value: 1
      objectReference: {fileID: 0}
    - target: {fileID: 8718240272869314502, guid: 5036c9e76c561ae49ae7097a6b8d2d7a,
        type: 3}
      propertyPath: m_LocalRotation.x
      value: -0
      objectReference: {fileID: 0}
    - target: {fileID: 8718240272869314502, guid: 5036c9e76c561ae49ae7097a6b8d2d7a,
        type: 3}
      propertyPath: m_LocalRotation.y
      value: -0
      objectReference: {fileID: 0}
    - target: {fileID: 8718240272869314502, guid: 5036c9e76c561ae49ae7097a6b8d2d7a,
        type: 3}
      propertyPath: m_LocalRotation.z
      value: -0
      objectReference: {fileID: 0}
    - target: {fileID: 8718240272869314502, guid: 5036c9e76c561ae49ae7097a6b8d2d7a,
        type: 3}
      propertyPath: m_LocalEulerAnglesHint.x
      value: 0
      objectReference: {fileID: 0}
    - target: {fileID: 8718240272869314502, guid: 5036c9e76c561ae49ae7097a6b8d2d7a,
        type: 3}
      propertyPath: m_LocalEulerAnglesHint.y
      value: 0
      objectReference: {fileID: 0}
    - target: {fileID: 8718240272869314502, guid: 5036c9e76c561ae49ae7097a6b8d2d7a,
        type: 3}
      propertyPath: m_LocalEulerAnglesHint.z
      value: 0
      objectReference: {fileID: 0}
    - target: {fileID: 8718240272869314503, guid: 5036c9e76c561ae49ae7097a6b8d2d7a,
        type: 3}
      propertyPath: m_Name
      value: StingCircle (6)
      objectReference: {fileID: 0}
    m_RemovedComponents: []
    m_RemovedGameObjects: []
    m_AddedGameObjects: []
    m_AddedComponents: []
  m_SourcePrefab: {fileID: 100100000, guid: 5036c9e76c561ae49ae7097a6b8d2d7a, type: 3}
--- !u!4 &461260974366399112 stripped
Transform:
  m_CorrespondingSourceObject: {fileID: 8718240272869314502, guid: 5036c9e76c561ae49ae7097a6b8d2d7a,
    type: 3}
  m_PrefabInstance: {fileID: 9123117741182375246}
  m_PrefabAsset: {fileID: 0}
