%YAML 1.1
%TAG !u! tag:unity3d.com,2011:
--- !u!1 &1569506611814688
GameObject:
  m_ObjectHideFlags: 0
  m_CorrespondingSourceObject: {fileID: 0}
  m_PrefabInstance: {fileID: 0}
  m_PrefabAsset: {fileID: 0}
  serializedVersion: 6
  m_Component:
  - component: {fileID: 4710971383091664}
  - component: {fileID: 114658555182137490}
  m_Layer: 0
  m_Name: Level21_2
  m_TagString: Untagged
  m_Icon: {fileID: 0}
  m_NavMeshLayer: 0
  m_StaticEditorFlags: 0
  m_IsActive: 1
--- !u!4 &4710971383091664
Transform:
  m_ObjectHideFlags: 0
  m_CorrespondingSourceObject: {fileID: 0}
  m_PrefabInstance: {fileID: 0}
  m_PrefabAsset: {fileID: 0}
  m_GameObject: {fileID: 1569506611814688}
  m_LocalRotation: {x: -0, y: -0, z: -0, w: 1}
  m_LocalPosition: {x: 20, y: 0, z: 0}
  m_LocalScale: {x: 1, y: 1, z: 1}
  m_Children:
  - {fileID: 4551972304360292}
  - {fileID: 375121301675662090}
  - {fileID: 6565066185646316701}
  - {fileID: 6597619935418582663}
  m_Father: {fileID: 0}
  m_RootOrder: 0
  m_LocalEulerAnglesHint: {x: 0, y: 0, z: 0}
--- !u!114 &114658555182137490
MonoBehaviour:
  m_ObjectHideFlags: 0
  m_CorrespondingSourceObject: {fileID: 0}
  m_PrefabInstance: {fileID: 0}
  m_PrefabAsset: {fileID: 0}
  m_GameObject: {fileID: 1569506611814688}
  m_Enabled: 1
  m_EditorHideFlags: 0
  m_Script: {fileID: 11500000, guid: 29f7adea44f768b41a14032f50a3d1fc, type: 3}
  m_Name: 
  m_EditorClassIdentifier: 
  _transform: {fileID: 0}
  blocksGroup: {fileID: 4551972304360292}
  trapsGroup: {fileID: 375121301675662090}
  foodGroup: {fileID: 6565066185646316701}
  foodNum: 1
--- !u!1 &1766172641249966
GameObject:
  m_ObjectHideFlags: 0
  m_CorrespondingSourceObject: {fileID: 0}
  m_PrefabInstance: {fileID: 0}
  m_PrefabAsset: {fileID: 0}
  serializedVersion: 6
  m_Component:
  - component: {fileID: 4551972304360292}
  m_Layer: 0
  m_Name: Blocks
  m_TagString: Untagged
  m_Icon: {fileID: 0}
  m_NavMeshLayer: 0
  m_StaticEditorFlags: 0
  m_IsActive: 1
--- !u!4 &4551972304360292
Transform:
  m_ObjectHideFlags: 0
  m_CorrespondingSourceObject: {fileID: 0}
  m_PrefabInstance: {fileID: 0}
  m_PrefabAsset: {fileID: 0}
  m_GameObject: {fileID: 1766172641249966}
  m_LocalRotation: {x: 0, y: 0, z: 0, w: 1}
  m_LocalPosition: {x: 0, y: 0, z: 0}
  m_LocalScale: {x: 1, y: 1, z: 1}
  m_Children:
  - {fileID: 992048644731834389}
  - {fileID: 7467802559531244060}
  - {fileID: 4283771678016838634}
  - {fileID: 8882999420902662680}
  - {fileID: 8571537052948375886}
  m_Father: {fileID: 4710971383091664}
  m_RootOrder: 0
  m_LocalEulerAnglesHint: {x: 0, y: 0, z: 0}
--- !u!1 &381262449298472640
GameObject:
  m_ObjectHideFlags: 0
  m_CorrespondingSourceObject: {fileID: 0}
  m_PrefabInstance: {fileID: 0}
  m_PrefabAsset: {fileID: 0}
  serializedVersion: 6
  m_Component:
  - component: {fileID: 6565066185646316701}
  m_Layer: 0
  m_Name: Food
  m_TagString: Untagged
  m_Icon: {fileID: 0}
  m_NavMeshLayer: 0
  m_StaticEditorFlags: 0
  m_IsActive: 1
--- !u!4 &6565066185646316701
Transform:
  m_ObjectHideFlags: 0
  m_CorrespondingSourceObject: {fileID: 0}
  m_PrefabInstance: {fileID: 0}
  m_PrefabAsset: {fileID: 0}
  m_GameObject: {fileID: 381262449298472640}
  m_LocalRotation: {x: 0, y: 0, z: 0, w: 1}
  m_LocalPosition: {x: 0, y: 0, z: 0}
  m_LocalScale: {x: 1, y: 1, z: 1}
  m_Children:
  - {fileID: 6729158300176217642}
  - {fileID: 468061078322705251}
  - {fileID: 1202047953714851900}
  m_Father: {fileID: 4710971383091664}
  m_RootOrder: 2
  m_LocalEulerAnglesHint: {x: 0, y: 0, z: 0}
--- !u!1 &1390412525837685652
GameObject:
  m_ObjectHideFlags: 0
  m_CorrespondingSourceObject: {fileID: 0}
  m_PrefabInstance: {fileID: 0}
  m_PrefabAsset: {fileID: 0}
  serializedVersion: 6
  m_Component:
  - component: {fileID: 1202047953714851900}
  m_Layer: 0
  m_Name: FoodPos (2)
  m_TagString: Untagged
  m_Icon: {fileID: 2488908585195742037, guid: 0000000000000000d000000000000000, type: 0}
  m_NavMeshLayer: 0
  m_StaticEditorFlags: 0
  m_IsActive: 1
--- !u!4 &1202047953714851900
Transform:
  m_ObjectHideFlags: 0
  m_CorrespondingSourceObject: {fileID: 0}
  m_PrefabInstance: {fileID: 0}
  m_PrefabAsset: {fileID: 0}
  m_GameObject: {fileID: 1390412525837685652}
  m_LocalRotation: {x: -0, y: -0, z: -0, w: 1}
  m_LocalPosition: {x: 43.59, y: 9.73, z: 0}
  m_LocalScale: {x: 1, y: 1, z: 1}
  m_Children: []
  m_Father: {fileID: 6565066185646316701}
  m_RootOrder: 2
  m_LocalEulerAnglesHint: {x: 0, y: 0, z: 0}
--- !u!1 &3020584128226783365
GameObject:
  m_ObjectHideFlags: 0
  m_CorrespondingSourceObject: {fileID: 0}
  m_PrefabInstance: {fileID: 0}
  m_PrefabAsset: {fileID: 0}
  serializedVersion: 6
  m_Component:
  - component: {fileID: 468061078322705251}
  m_Layer: 0
  m_Name: FoodPos (1)
  m_TagString: Untagged
  m_Icon: {fileID: 2488908585195742037, guid: 0000000000000000d000000000000000, type: 0}
  m_NavMeshLayer: 0
  m_StaticEditorFlags: 0
  m_IsActive: 1
--- !u!4 &468061078322705251
Transform:
  m_ObjectHideFlags: 0
  m_CorrespondingSourceObject: {fileID: 0}
  m_PrefabInstance: {fileID: 0}
  m_PrefabAsset: {fileID: 0}
  m_GameObject: {fileID: 3020584128226783365}
  m_LocalRotation: {x: -0, y: -0, z: -0, w: 1}
  m_LocalPosition: {x: 32.72, y: 5.86, z: 0}
  m_LocalScale: {x: 1, y: 1, z: 1}
  m_Children: []
  m_Father: {fileID: 6565066185646316701}
  m_RootOrder: 1
  m_LocalEulerAnglesHint: {x: 0, y: 0, z: 0}
--- !u!1 &3570194908859526059
GameObject:
  m_ObjectHideFlags: 0
  m_CorrespondingSourceObject: {fileID: 0}
  m_PrefabInstance: {fileID: 0}
  m_PrefabAsset: {fileID: 0}
  serializedVersion: 6
  m_Component:
  - component: {fileID: 375121301675662090}
  m_Layer: 0
  m_Name: Traps
  m_TagString: Untagged
  m_Icon: {fileID: 0}
  m_NavMeshLayer: 0
  m_StaticEditorFlags: 0
  m_IsActive: 1
--- !u!4 &375121301675662090
Transform:
  m_ObjectHideFlags: 0
  m_CorrespondingSourceObject: {fileID: 0}
  m_PrefabInstance: {fileID: 0}
  m_PrefabAsset: {fileID: 0}
  m_GameObject: {fileID: 3570194908859526059}
  m_LocalRotation: {x: 0, y: 0, z: 0, w: 1}
  m_LocalPosition: {x: 0, y: 0, z: 0}
  m_LocalScale: {x: 1, y: 1, z: 1}
  m_Children:
  - {fileID: 3754087820339352424}
  - {fileID: 5668708181513180457}
  - {fileID: 2426216339511546487}
  - {fileID: 153835173169341677}
  - {fileID: 7022889953116700801}
  m_Father: {fileID: 4710971383091664}
  m_RootOrder: 1
  m_LocalEulerAnglesHint: {x: 0, y: 0, z: 0}
--- !u!1 &6665899565477683296
GameObject:
  m_ObjectHideFlags: 0
  m_CorrespondingSourceObject: {fileID: 0}
  m_PrefabInstance: {fileID: 0}
  m_PrefabAsset: {fileID: 0}
  serializedVersion: 6
  m_Component:
  - component: {fileID: 6729158300176217642}
  m_Layer: 0
  m_Name: FoodPos
  m_TagString: Untagged
  m_Icon: {fileID: 2488908585195742037, guid: 0000000000000000d000000000000000, type: 0}
  m_NavMeshLayer: 0
  m_StaticEditorFlags: 0
  m_IsActive: 1
--- !u!4 &6729158300176217642
Transform:
  m_ObjectHideFlags: 0
  m_CorrespondingSourceObject: {fileID: 0}
  m_PrefabInstance: {fileID: 0}
  m_PrefabAsset: {fileID: 0}
  m_GameObject: {fileID: 6665899565477683296}
  m_LocalRotation: {x: 0, y: 0, z: 0, w: 1}
  m_LocalPosition: {x: 23.94, y: 7.97, z: 0}
  m_LocalScale: {x: 1, y: 1, z: 1}
  m_Children: []
  m_Father: {fileID: 6565066185646316701}
  m_RootOrder: 0
  m_LocalEulerAnglesHint: {x: 0, y: 0, z: 0}
--- !u!1001 &996625620087984589
PrefabInstance:
  m_ObjectHideFlags: 0
  serializedVersion: 2
  m_Modification:
    m_TransformParent: {fileID: 4551972304360292}
    m_Modifications:
    - target: {fileID: 1214162638093782, guid: 5b3590772f8076e448cfdbbee61c0c94, type: 3}
      propertyPath: m_Name
      value: MovingBlock
      objectReference: {fileID: 0}
    - target: {fileID: 4731494455296472, guid: 5b3590772f8076e448cfdbbee61c0c94, type: 3}
      propertyPath: m_LocalPosition.x
      value: 54.74
      objectReference: {fileID: 0}
    - target: {fileID: 4731494455296472, guid: 5b3590772f8076e448cfdbbee61c0c94, type: 3}
      propertyPath: m_LocalPosition.y
      value: -2.89
      objectReference: {fileID: 0}
    - target: {fileID: 4731494455296472, guid: 5b3590772f8076e448cfdbbee61c0c94, type: 3}
      propertyPath: m_LocalPosition.z
      value: 0
      objectReference: {fileID: 0}
    - target: {fileID: 4731494455296472, guid: 5b3590772f8076e448cfdbbee61c0c94, type: 3}
      propertyPath: m_LocalRotation.x
      value: 0
      objectReference: {fileID: 0}
    - target: {fileID: 4731494455296472, guid: 5b3590772f8076e448cfdbbee61c0c94, type: 3}
      propertyPath: m_LocalRotation.y
      value: 0
      objectReference: {fileID: 0}
    - target: {fileID: 4731494455296472, guid: 5b3590772f8076e448cfdbbee61c0c94, type: 3}
      propertyPath: m_LocalRotation.z
      value: 0
      objectReference: {fileID: 0}
    - target: {fileID: 4731494455296472, guid: 5b3590772f8076e448cfdbbee61c0c94, type: 3}
      propertyPath: m_LocalRotation.w
      value: 1
      objectReference: {fileID: 0}
    - target: {fileID: 4731494455296472, guid: 5b3590772f8076e448cfdbbee61c0c94, type: 3}
      propertyPath: m_RootOrder
      value: 0
      objectReference: {fileID: 0}
    - target: {fileID: 4731494455296472, guid: 5b3590772f8076e448cfdbbee61c0c94, type: 3}
      propertyPath: m_LocalEulerAnglesHint.x
      value: 0
      objectReference: {fileID: 0}
    - target: {fileID: 4731494455296472, guid: 5b3590772f8076e448cfdbbee61c0c94, type: 3}
      propertyPath: m_LocalEulerAnglesHint.y
      value: 0
      objectReference: {fileID: 0}
    - target: {fileID: 4731494455296472, guid: 5b3590772f8076e448cfdbbee61c0c94, type: 3}
      propertyPath: m_LocalEulerAnglesHint.z
      value: 0
      objectReference: {fileID: 0}
    - target: {fileID: 4403225247367506, guid: 5b3590772f8076e448cfdbbee61c0c94, type: 3}
      propertyPath: m_LocalPosition.y
      value: 7.03
      objectReference: {fileID: 0}
    - target: {fileID: 9062822208647474394, guid: 5b3590772f8076e448cfdbbee61c0c94,
        type: 3}
      propertyPath: m_LocalScale.x
      value: 0.85
      objectReference: {fileID: 0}
    - target: {fileID: 114761444031487610, guid: 5b3590772f8076e448cfdbbee61c0c94,
        type: 3}
      propertyPath: speed
      value: 6
      objectReference: {fileID: 0}
    m_RemovedComponents: []
  m_SourcePrefab: {fileID: 100100000, guid: 5b3590772f8076e448cfdbbee61c0c94, type: 3}
--- !u!4 &992048644731834389 stripped
Transform:
  m_CorrespondingSourceObject: {fileID: 4731494455296472, guid: 5b3590772f8076e448cfdbbee61c0c94,
    type: 3}
  m_PrefabInstance: {fileID: 996625620087984589}
  m_PrefabAsset: {fileID: 0}
--- !u!1001 &1840626867792449351
PrefabInstance:
  m_ObjectHideFlags: 0
  serializedVersion: 2
  m_Modification:
    m_TransformParent: {fileID: 375121301675662090}
    m_Modifications:
    - target: {fileID: 8718240272869314503, guid: 5036c9e76c561ae49ae7097a6b8d2d7a,
        type: 3}
      propertyPath: m_Name
      value: StingCircle (4)
      objectReference: {fileID: 0}
    - target: {fileID: 8718240272869314502, guid: 5036c9e76c561ae49ae7097a6b8d2d7a,
        type: 3}
      propertyPath: m_LocalPosition.x
      value: 48.32
      objectReference: {fileID: 0}
    - target: {fileID: 8718240272869314502, guid: 5036c9e76c561ae49ae7097a6b8d2d7a,
        type: 3}
      propertyPath: m_LocalPosition.y
      value: 4.22
      objectReference: {fileID: 0}
    - target: {fileID: 8718240272869314502, guid: 5036c9e76c561ae49ae7097a6b8d2d7a,
        type: 3}
      propertyPath: m_LocalPosition.z
      value: 0
      objectReference: {fileID: 0}
    - target: {fileID: 8718240272869314502, guid: 5036c9e76c561ae49ae7097a6b8d2d7a,
        type: 3}
      propertyPath: m_LocalRotation.x
      value: -0
      objectReference: {fileID: 0}
    - target: {fileID: 8718240272869314502, guid: 5036c9e76c561ae49ae7097a6b8d2d7a,
        type: 3}
      propertyPath: m_LocalRotation.y
      value: -0
      objectReference: {fileID: 0}
    - target: {fileID: 8718240272869314502, guid: 5036c9e76c561ae49ae7097a6b8d2d7a,
        type: 3}
      propertyPath: m_LocalRotation.z
      value: -0
      objectReference: {fileID: 0}
    - target: {fileID: 8718240272869314502, guid: 5036c9e76c561ae49ae7097a6b8d2d7a,
        type: 3}
      propertyPath: m_LocalRotation.w
      value: 1
      objectReference: {fileID: 0}
    - target: {fileID: 8718240272869314502, guid: 5036c9e76c561ae49ae7097a6b8d2d7a,
        type: 3}
      propertyPath: m_RootOrder
      value: 4
      objectReference: {fileID: 0}
    - target: {fileID: 8718240272869314502, guid: 5036c9e76c561ae49ae7097a6b8d2d7a,
        type: 3}
      propertyPath: m_LocalEulerAnglesHint.x
      value: 0
      objectReference: {fileID: 0}
    - target: {fileID: 8718240272869314502, guid: 5036c9e76c561ae49ae7097a6b8d2d7a,
        type: 3}
      propertyPath: m_LocalEulerAnglesHint.y
      value: 0
      objectReference: {fileID: 0}
    - target: {fileID: 8718240272869314502, guid: 5036c9e76c561ae49ae7097a6b8d2d7a,
        type: 3}
      propertyPath: m_LocalEulerAnglesHint.z
      value: 0
      objectReference: {fileID: 0}
    - target: {fileID: 4248656609890869170, guid: 5036c9e76c561ae49ae7097a6b8d2d7a,
        type: 3}
      propertyPath: m_IsActive
      value: 0
      objectReference: {fileID: 0}
    m_RemovedComponents: []
  m_SourcePrefab: {fileID: 100100000, guid: 5036c9e76c561ae49ae7097a6b8d2d7a, type: 3}
--- !u!4 &7022889953116700801 stripped
Transform:
  m_CorrespondingSourceObject: {fileID: 8718240272869314502, guid: 5036c9e76c561ae49ae7097a6b8d2d7a,
    type: 3}
  m_PrefabInstance: {fileID: 1840626867792449351}
  m_PrefabAsset: {fileID: 0}
--- !u!1001 &3497143906323165535
PrefabInstance:
  m_ObjectHideFlags: 0
  serializedVersion: 2
  m_Modification:
    m_TransformParent: {fileID: 4551972304360292}
    m_Modifications:
    - target: {fileID: 6286514926138775373, guid: 825debfde054d2b4b8c7cd1bd524816b,
        type: 3}
      propertyPath: m_Name
      value: SleepMovingBlock
      objectReference: {fileID: 0}
    - target: {fileID: 6281025071520459587, guid: 825debfde054d2b4b8c7cd1bd524816b,
        type: 3}
      propertyPath: m_LocalPosition.x
      value: 2.7
      objectReference: {fileID: 0}
    - target: {fileID: 6281025071520459587, guid: 825debfde054d2b4b8c7cd1bd524816b,
        type: 3}
      propertyPath: m_LocalPosition.y
      value: 1
      objectReference: {fileID: 0}
    - target: {fileID: 6281025071520459587, guid: 825debfde054d2b4b8c7cd1bd524816b,
        type: 3}
      propertyPath: m_LocalPosition.z
      value: 0
      objectReference: {fileID: 0}
    - target: {fileID: 6281025071520459587, guid: 825debfde054d2b4b8c7cd1bd524816b,
        type: 3}
      propertyPath: m_LocalRotation.x
      value: 0
      objectReference: {fileID: 0}
    - target: {fileID: 6281025071520459587, guid: 825debfde054d2b4b8c7cd1bd524816b,
        type: 3}
      propertyPath: m_LocalRotation.y
      value: 0
      objectReference: {fileID: 0}
    - target: {fileID: 6281025071520459587, guid: 825debfde054d2b4b8c7cd1bd524816b,
        type: 3}
      propertyPath: m_LocalRotation.z
      value: 0
      objectReference: {fileID: 0}
    - target: {fileID: 6281025071520459587, guid: 825debfde054d2b4b8c7cd1bd524816b,
        type: 3}
      propertyPath: m_LocalRotation.w
      value: 1
      objectReference: {fileID: 0}
    - target: {fileID: 6281025071520459587, guid: 825debfde054d2b4b8c7cd1bd524816b,
        type: 3}
      propertyPath: m_RootOrder
      value: 1
      objectReference: {fileID: 0}
    - target: {fileID: 6281025071520459587, guid: 825debfde054d2b4b8c7cd1bd524816b,
        type: 3}
      propertyPath: m_LocalEulerAnglesHint.x
      value: 0
      objectReference: {fileID: 0}
    - target: {fileID: 6281025071520459587, guid: 825debfde054d2b4b8c7cd1bd524816b,
        type: 3}
      propertyPath: m_LocalEulerAnglesHint.y
      value: 0
      objectReference: {fileID: 0}
    - target: {fileID: 6281025071520459587, guid: 825debfde054d2b4b8c7cd1bd524816b,
        type: 3}
      propertyPath: m_LocalEulerAnglesHint.z
      value: 0
      objectReference: {fileID: 0}
    - target: {fileID: 8130955667339111987, guid: 825debfde054d2b4b8c7cd1bd524816b,
        type: 3}
      propertyPath: m_LocalScale.x
      value: 1.1
      objectReference: {fileID: 0}
    - target: {fileID: 6284145420598979529, guid: 825debfde054d2b4b8c7cd1bd524816b,
        type: 3}
      propertyPath: m_LocalPosition.x
      value: 42.7
      objectReference: {fileID: 0}
    - target: {fileID: 6245884301891024097, guid: 825debfde054d2b4b8c7cd1bd524816b,
        type: 3}
      propertyPath: speed
      value: 3.5
      objectReference: {fileID: 0}
    m_RemovedComponents: []
  m_SourcePrefab: {fileID: 100100000, guid: 825debfde054d2b4b8c7cd1bd524816b, type: 3}
--- !u!4 &7467802559531244060 stripped
Transform:
  m_CorrespondingSourceObject: {fileID: 6281025071520459587, guid: 825debfde054d2b4b8c7cd1bd524816b,
    type: 3}
  m_PrefabInstance: {fileID: 3497143906323165535}
  m_PrefabAsset: {fileID: 0}
--- !u!1001 &3915357989498837743
PrefabInstance:
  m_ObjectHideFlags: 0
  serializedVersion: 2
  m_Modification:
    m_TransformParent: {fileID: 375121301675662090}
    m_Modifications:
    - target: {fileID: 8718240272869314503, guid: 5036c9e76c561ae49ae7097a6b8d2d7a,
        type: 3}
      propertyPath: m_Name
      value: StingCircle (1)
      objectReference: {fileID: 0}
    - target: {fileID: 8718240272869314502, guid: 5036c9e76c561ae49ae7097a6b8d2d7a,
        type: 3}
      propertyPath: m_LocalPosition.x
      value: 31.71
      objectReference: {fileID: 0}
    - target: {fileID: 8718240272869314502, guid: 5036c9e76c561ae49ae7097a6b8d2d7a,
        type: 3}
      propertyPath: m_LocalPosition.y
      value: 2.2
      objectReference: {fileID: 0}
    - target: {fileID: 8718240272869314502, guid: 5036c9e76c561ae49ae7097a6b8d2d7a,
        type: 3}
      propertyPath: m_LocalPosition.z
      value: 0
      objectReference: {fileID: 0}
    - target: {fileID: 8718240272869314502, guid: 5036c9e76c561ae49ae7097a6b8d2d7a,
        type: 3}
      propertyPath: m_LocalRotation.x
      value: -0
      objectReference: {fileID: 0}
    - target: {fileID: 8718240272869314502, guid: 5036c9e76c561ae49ae7097a6b8d2d7a,
        type: 3}
      propertyPath: m_LocalRotation.y
      value: -0
      objectReference: {fileID: 0}
    - target: {fileID: 8718240272869314502, guid: 5036c9e76c561ae49ae7097a6b8d2d7a,
        type: 3}
      propertyPath: m_LocalRotation.z
      value: -0
      objectReference: {fileID: 0}
    - target: {fileID: 8718240272869314502, guid: 5036c9e76c561ae49ae7097a6b8d2d7a,
        type: 3}
      propertyPath: m_LocalRotation.w
      value: 1
      objectReference: {fileID: 0}
    - target: {fileID: 8718240272869314502, guid: 5036c9e76c561ae49ae7097a6b8d2d7a,
        type: 3}
      propertyPath: m_RootOrder
      value: 1
      objectReference: {fileID: 0}
    - target: {fileID: 8718240272869314502, guid: 5036c9e76c561ae49ae7097a6b8d2d7a,
        type: 3}
      propertyPath: m_LocalEulerAnglesHint.x
      value: 0
      objectReference: {fileID: 0}
    - target: {fileID: 8718240272869314502, guid: 5036c9e76c561ae49ae7097a6b8d2d7a,
        type: 3}
      propertyPath: m_LocalEulerAnglesHint.y
      value: 0
      objectReference: {fileID: 0}
    - target: {fileID: 8718240272869314502, guid: 5036c9e76c561ae49ae7097a6b8d2d7a,
        type: 3}
      propertyPath: m_LocalEulerAnglesHint.z
      value: 0
      objectReference: {fileID: 0}
    - target: {fileID: 4248656609890869170, guid: 5036c9e76c561ae49ae7097a6b8d2d7a,
        type: 3}
      propertyPath: m_IsActive
      value: 0
      objectReference: {fileID: 0}
    m_RemovedComponents: []
  m_SourcePrefab: {fileID: 100100000, guid: 5036c9e76c561ae49ae7097a6b8d2d7a, type: 3}
--- !u!4 &5668708181513180457 stripped
Transform:
  m_CorrespondingSourceObject: {fileID: 8718240272869314502, guid: 5036c9e76c561ae49ae7097a6b8d2d7a,
    type: 3}
  m_PrefabInstance: {fileID: 3915357989498837743}
  m_PrefabAsset: {fileID: 0}
--- !u!1001 &4279072214426794892
PrefabInstance:
  m_ObjectHideFlags: 0
  serializedVersion: 2
  m_Modification:
    m_TransformParent: {fileID: 4551972304360292}
    m_Modifications:
    - target: {fileID: 1485244063864546, guid: 093d95d5ada1e404fa2e665e45b3c692, type: 3}
      propertyPath: m_Name
      value: Block
      objectReference: {fileID: 0}
    - target: {fileID: 4875392971546726, guid: 093d95d5ada1e404fa2e665e45b3c692, type: 3}
      propertyPath: m_LocalPosition.x
      value: 16.2
      objectReference: {fileID: 0}
    - target: {fileID: 4875392971546726, guid: 093d95d5ada1e404fa2e665e45b3c692, type: 3}
      propertyPath: m_LocalPosition.y
      value: 3.2
      objectReference: {fileID: 0}
    - target: {fileID: 4875392971546726, guid: 093d95d5ada1e404fa2e665e45b3c692, type: 3}
      propertyPath: m_LocalPosition.z
      value: 0
      objectReference: {fileID: 0}
    - target: {fileID: 4875392971546726, guid: 093d95d5ada1e404fa2e665e45b3c692, type: 3}
      propertyPath: m_LocalRotation.x
      value: -0
      objectReference: {fileID: 0}
    - target: {fileID: 4875392971546726, guid: 093d95d5ada1e404fa2e665e45b3c692, type: 3}
      propertyPath: m_LocalRotation.y
      value: -0
      objectReference: {fileID: 0}
    - target: {fileID: 4875392971546726, guid: 093d95d5ada1e404fa2e665e45b3c692, type: 3}
      propertyPath: m_LocalRotation.z
      value: -0
      objectReference: {fileID: 0}
    - target: {fileID: 4875392971546726, guid: 093d95d5ada1e404fa2e665e45b3c692, type: 3}
      propertyPath: m_LocalRotation.w
      value: 1
      objectReference: {fileID: 0}
    - target: {fileID: 4875392971546726, guid: 093d95d5ada1e404fa2e665e45b3c692, type: 3}
      propertyPath: m_RootOrder
      value: 2
      objectReference: {fileID: 0}
    - target: {fileID: 4875392971546726, guid: 093d95d5ada1e404fa2e665e45b3c692, type: 3}
      propertyPath: m_LocalEulerAnglesHint.x
      value: 0
      objectReference: {fileID: 0}
    - target: {fileID: 4875392971546726, guid: 093d95d5ada1e404fa2e665e45b3c692, type: 3}
      propertyPath: m_LocalEulerAnglesHint.y
      value: 0
      objectReference: {fileID: 0}
    - target: {fileID: 4875392971546726, guid: 093d95d5ada1e404fa2e665e45b3c692, type: 3}
      propertyPath: m_LocalEulerAnglesHint.z
      value: 0
      objectReference: {fileID: 0}
    m_RemovedComponents: []
  m_SourcePrefab: {fileID: 100100000, guid: 093d95d5ada1e404fa2e665e45b3c692, type: 3}
--- !u!4 &4283771678016838634 stripped
Transform:
  m_CorrespondingSourceObject: {fileID: 4875392971546726, guid: 093d95d5ada1e404fa2e665e45b3c692,
    type: 3}
  m_PrefabInstance: {fileID: 4279072214426794892}
  m_PrefabAsset: {fileID: 0}
--- !u!1001 &5540654243516767406
PrefabInstance:
  m_ObjectHideFlags: 0
  serializedVersion: 2
  m_Modification:
    m_TransformParent: {fileID: 375121301675662090}
    m_Modifications:
    - target: {fileID: 8718240272869314503, guid: 5036c9e76c561ae49ae7097a6b8d2d7a,
        type: 3}
      propertyPath: m_Name
      value: StingCircle
      objectReference: {fileID: 0}
    - target: {fileID: 8718240272869314502, guid: 5036c9e76c561ae49ae7097a6b8d2d7a,
        type: 3}
      propertyPath: m_LocalPosition.x
      value: 14.29
      objectReference: {fileID: 0}
    - target: {fileID: 8718240272869314502, guid: 5036c9e76c561ae49ae7097a6b8d2d7a,
        type: 3}
      propertyPath: m_LocalPosition.y
      value: 3.3
      objectReference: {fileID: 0}
    - target: {fileID: 8718240272869314502, guid: 5036c9e76c561ae49ae7097a6b8d2d7a,
        type: 3}
      propertyPath: m_LocalPosition.z
      value: 0
      objectReference: {fileID: 0}
    - target: {fileID: 8718240272869314502, guid: 5036c9e76c561ae49ae7097a6b8d2d7a,
        type: 3}
      propertyPath: m_LocalRotation.x
      value: 0
      objectReference: {fileID: 0}
    - target: {fileID: 8718240272869314502, guid: 5036c9e76c561ae49ae7097a6b8d2d7a,
        type: 3}
      propertyPath: m_LocalRotation.y
      value: 0
      objectReference: {fileID: 0}
    - target: {fileID: 8718240272869314502, guid: 5036c9e76c561ae49ae7097a6b8d2d7a,
        type: 3}
      propertyPath: m_LocalRotation.z
      value: 0
      objectReference: {fileID: 0}
    - target: {fileID: 8718240272869314502, guid: 5036c9e76c561ae49ae7097a6b8d2d7a,
        type: 3}
      propertyPath: m_LocalRotation.w
      value: 1
      objectReference: {fileID: 0}
    - target: {fileID: 8718240272869314502, guid: 5036c9e76c561ae49ae7097a6b8d2d7a,
        type: 3}
      propertyPath: m_RootOrder
      value: 0
      objectReference: {fileID: 0}
    - target: {fileID: 8718240272869314502, guid: 5036c9e76c561ae49ae7097a6b8d2d7a,
        type: 3}
      propertyPath: m_LocalEulerAnglesHint.x
      value: 0
      objectReference: {fileID: 0}
    - target: {fileID: 8718240272869314502, guid: 5036c9e76c561ae49ae7097a6b8d2d7a,
        type: 3}
      propertyPath: m_LocalEulerAnglesHint.y
      value: 0
      objectReference: {fileID: 0}
    - target: {fileID: 8718240272869314502, guid: 5036c9e76c561ae49ae7097a6b8d2d7a,
        type: 3}
      propertyPath: m_LocalEulerAnglesHint.z
      value: 0
      objectReference: {fileID: 0}
    - target: {fileID: 4248656609890869170, guid: 5036c9e76c561ae49ae7097a6b8d2d7a,
        type: 3}
      propertyPath: m_IsActive
      value: 0
      objectReference: {fileID: 0}
    m_RemovedComponents: []
  m_SourcePrefab: {fileID: 100100000, guid: 5036c9e76c561ae49ae7097a6b8d2d7a, type: 3}
--- !u!4 &3754087820339352424 stripped
Transform:
  m_CorrespondingSourceObject: {fileID: 8718240272869314502, guid: 5036c9e76c561ae49ae7097a6b8d2d7a,
    type: 3}
  m_PrefabInstance: {fileID: 5540654243516767406}
  m_PrefabAsset: {fileID: 0}
--- !u!1001 &6437561079612890545
PrefabInstance:
  m_ObjectHideFlags: 0
  serializedVersion: 2
  m_Modification:
    m_TransformParent: {fileID: 375121301675662090}
    m_Modifications:
    - target: {fileID: 8718240272869314503, guid: 5036c9e76c561ae49ae7097a6b8d2d7a,
        type: 3}
      propertyPath: m_Name
      value: StingCircle (2)
      objectReference: {fileID: 0}
    - target: {fileID: 8718240272869314502, guid: 5036c9e76c561ae49ae7097a6b8d2d7a,
        type: 3}
      propertyPath: m_LocalPosition.x
      value: 33.8
      objectReference: {fileID: 0}
    - target: {fileID: 8718240272869314502, guid: 5036c9e76c561ae49ae7097a6b8d2d7a,
        type: 3}
      propertyPath: m_LocalPosition.y
      value: 2.2
      objectReference: {fileID: 0}
    - target: {fileID: 8718240272869314502, guid: 5036c9e76c561ae49ae7097a6b8d2d7a,
        type: 3}
      propertyPath: m_LocalPosition.z
      value: 0
      objectReference: {fileID: 0}
    - target: {fileID: 8718240272869314502, guid: 5036c9e76c561ae49ae7097a6b8d2d7a,
        type: 3}
      propertyPath: m_LocalRotation.x
      value: -0
      objectReference: {fileID: 0}
    - target: {fileID: 8718240272869314502, guid: 5036c9e76c561ae49ae7097a6b8d2d7a,
        type: 3}
      propertyPath: m_LocalRotation.y
      value: -0
      objectReference: {fileID: 0}
    - target: {fileID: 8718240272869314502, guid: 5036c9e76c561ae49ae7097a6b8d2d7a,
        type: 3}
      propertyPath: m_LocalRotation.z
      value: -0
      objectReference: {fileID: 0}
    - target: {fileID: 8718240272869314502, guid: 5036c9e76c561ae49ae7097a6b8d2d7a,
        type: 3}
      propertyPath: m_LocalRotation.w
      value: 1
      objectReference: {fileID: 0}
    - target: {fileID: 8718240272869314502, guid: 5036c9e76c561ae49ae7097a6b8d2d7a,
        type: 3}
      propertyPath: m_RootOrder
      value: 2
      objectReference: {fileID: 0}
    - target: {fileID: 8718240272869314502, guid: 5036c9e76c561ae49ae7097a6b8d2d7a,
        type: 3}
      propertyPath: m_LocalEulerAnglesHint.x
      value: 0
      objectReference: {fileID: 0}
    - target: {fileID: 8718240272869314502, guid: 5036c9e76c561ae49ae7097a6b8d2d7a,
        type: 3}
      propertyPath: m_LocalEulerAnglesHint.y
      value: 0
      objectReference: {fileID: 0}
    - target: {fileID: 8718240272869314502, guid: 5036c9e76c561ae49ae7097a6b8d2d7a,
        type: 3}
      propertyPath: m_LocalEulerAnglesHint.z
      value: 0
      objectReference: {fileID: 0}
    - target: {fileID: 4248656609890869170, guid: 5036c9e76c561ae49ae7097a6b8d2d7a,
        type: 3}
      propertyPath: m_IsActive
      value: 0
      objectReference: {fileID: 0}
    m_RemovedComponents: []
  m_SourcePrefab: {fileID: 100100000, guid: 5036c9e76c561ae49ae7097a6b8d2d7a, type: 3}
--- !u!4 &2426216339511546487 stripped
Transform:
  m_CorrespondingSourceObject: {fileID: 8718240272869314502, guid: 5036c9e76c561ae49ae7097a6b8d2d7a,
    type: 3}
  m_PrefabInstance: {fileID: 6437561079612890545}
  m_PrefabAsset: {fileID: 0}
--- !u!1001 &8567365663170201896
PrefabInstance:
  m_ObjectHideFlags: 0
  serializedVersion: 2
  m_Modification:
    m_TransformParent: {fileID: 4551972304360292}
    m_Modifications:
    - target: {fileID: 1485244063864546, guid: 093d95d5ada1e404fa2e665e45b3c692, type: 3}
      propertyPath: m_Name
      value: Block (2)
      objectReference: {fileID: 0}
    - target: {fileID: 4875392971546726, guid: 093d95d5ada1e404fa2e665e45b3c692, type: 3}
      propertyPath: m_LocalPosition.x
      value: 42.47
      objectReference: {fileID: 0}
    - target: {fileID: 4875392971546726, guid: 093d95d5ada1e404fa2e665e45b3c692, type: 3}
      propertyPath: m_LocalPosition.y
      value: 4.65
      objectReference: {fileID: 0}
    - target: {fileID: 4875392971546726, guid: 093d95d5ada1e404fa2e665e45b3c692, type: 3}
      propertyPath: m_LocalPosition.z
      value: 0
      objectReference: {fileID: 0}
    - target: {fileID: 4875392971546726, guid: 093d95d5ada1e404fa2e665e45b3c692, type: 3}
      propertyPath: m_LocalRotation.x
      value: -0
      objectReference: {fileID: 0}
    - target: {fileID: 4875392971546726, guid: 093d95d5ada1e404fa2e665e45b3c692, type: 3}
      propertyPath: m_LocalRotation.y
      value: -0
      objectReference: {fileID: 0}
    - target: {fileID: 4875392971546726, guid: 093d95d5ada1e404fa2e665e45b3c692, type: 3}
      propertyPath: m_LocalRotation.z
      value: -0
      objectReference: {fileID: 0}
    - target: {fileID: 4875392971546726, guid: 093d95d5ada1e404fa2e665e45b3c692, type: 3}
      propertyPath: m_LocalRotation.w
      value: 1
      objectReference: {fileID: 0}
    - target: {fileID: 4875392971546726, guid: 093d95d5ada1e404fa2e665e45b3c692, type: 3}
      propertyPath: m_RootOrder
      value: 4
      objectReference: {fileID: 0}
    - target: {fileID: 4875392971546726, guid: 093d95d5ada1e404fa2e665e45b3c692, type: 3}
      propertyPath: m_LocalEulerAnglesHint.x
      value: 0
      objectReference: {fileID: 0}
    - target: {fileID: 4875392971546726, guid: 093d95d5ada1e404fa2e665e45b3c692, type: 3}
      propertyPath: m_LocalEulerAnglesHint.y
      value: 0
      objectReference: {fileID: 0}
    - target: {fileID: 4875392971546726, guid: 093d95d5ada1e404fa2e665e45b3c692, type: 3}
      propertyPath: m_LocalEulerAnglesHint.z
      value: 0
      objectReference: {fileID: 0}
    - target: {fileID: 3013195103163533777, guid: 093d95d5ada1e404fa2e665e45b3c692,
        type: 3}
      propertyPath: m_LocalScale.x
      value: 0.5
      objectReference: {fileID: 0}
    m_RemovedComponents: []
  m_SourcePrefab: {fileID: 100100000, guid: 093d95d5ada1e404fa2e665e45b3c692, type: 3}
--- !u!4 &8571537052948375886 stripped
Transform:
  m_CorrespondingSourceObject: {fileID: 4875392971546726, guid: 093d95d5ada1e404fa2e665e45b3c692,
    type: 3}
  m_PrefabInstance: {fileID: 8567365663170201896}
  m_PrefabAsset: {fileID: 0}
--- !u!1001 &8854042851812141867
PrefabInstance:
  m_ObjectHideFlags: 0
  serializedVersion: 2
  m_Modification:
    m_TransformParent: {fileID: 375121301675662090}
    m_Modifications:
    - target: {fileID: 8718240272869314503, guid: 5036c9e76c561ae49ae7097a6b8d2d7a,
        type: 3}
      propertyPath: m_Name
      value: StingCircle (3)
      objectReference: {fileID: 0}
    - target: {fileID: 8718240272869314502, guid: 5036c9e76c561ae49ae7097a6b8d2d7a,
        type: 3}
      propertyPath: m_LocalPosition.x
      value: 48.32
      objectReference: {fileID: 0}
    - target: {fileID: 8718240272869314502, guid: 5036c9e76c561ae49ae7097a6b8d2d7a,
        type: 3}
      propertyPath: m_LocalPosition.y
      value: 2.2
      objectReference: {fileID: 0}
    - target: {fileID: 8718240272869314502, guid: 5036c9e76c561ae49ae7097a6b8d2d7a,
        type: 3}
      propertyPath: m_LocalPosition.z
      value: 0
      objectReference: {fileID: 0}
    - target: {fileID: 8718240272869314502, guid: 5036c9e76c561ae49ae7097a6b8d2d7a,
        type: 3}
      propertyPath: m_LocalRotation.x
      value: -0
      objectReference: {fileID: 0}
    - target: {fileID: 8718240272869314502, guid: 5036c9e76c561ae49ae7097a6b8d2d7a,
        type: 3}
      propertyPath: m_LocalRotation.y
      value: -0
      objectReference: {fileID: 0}
    - target: {fileID: 8718240272869314502, guid: 5036c9e76c561ae49ae7097a6b8d2d7a,
        type: 3}
      propertyPath: m_LocalRotation.z
      value: -0
      objectReference: {fileID: 0}
    - target: {fileID: 8718240272869314502, guid: 5036c9e76c561ae49ae7097a6b8d2d7a,
        type: 3}
      propertyPath: m_LocalRotation.w
      value: 1
      objectReference: {fileID: 0}
    - target: {fileID: 8718240272869314502, guid: 5036c9e76c561ae49ae7097a6b8d2d7a,
        type: 3}
      propertyPath: m_RootOrder
      value: 3
      objectReference: {fileID: 0}
    - target: {fileID: 8718240272869314502, guid: 5036c9e76c561ae49ae7097a6b8d2d7a,
        type: 3}
      propertyPath: m_LocalEulerAnglesHint.x
      value: 0
      objectReference: {fileID: 0}
    - target: {fileID: 8718240272869314502, guid: 5036c9e76c561ae49ae7097a6b8d2d7a,
        type: 3}
      propertyPath: m_LocalEulerAnglesHint.y
      value: 0
      objectReference: {fileID: 0}
    - target: {fileID: 8718240272869314502, guid: 5036c9e76c561ae49ae7097a6b8d2d7a,
        type: 3}
      propertyPath: m_LocalEulerAnglesHint.z
      value: 0
      objectReference: {fileID: 0}
    - target: {fileID: 4248656609890869170, guid: 5036c9e76c561ae49ae7097a6b8d2d7a,
        type: 3}
      propertyPath: m_IsActive
      value: 0
      objectReference: {fileID: 0}
    m_RemovedComponents: []
  m_SourcePrefab: {fileID: 100100000, guid: 5036c9e76c561ae49ae7097a6b8d2d7a, type: 3}
--- !u!4 &153835173169341677 stripped
Transform:
  m_CorrespondingSourceObject: {fileID: 8718240272869314502, guid: 5036c9e76c561ae49ae7097a6b8d2d7a,
    type: 3}
  m_PrefabInstance: {fileID: 8854042851812141867}
  m_PrefabAsset: {fileID: 0}
--- !u!1001 &8887733796067263102
PrefabInstance:
  m_ObjectHideFlags: 0
  serializedVersion: 2
  m_Modification:
    m_TransformParent: {fileID: 4551972304360292}
    m_Modifications:
    - target: {fileID: 1485244063864546, guid: 093d95d5ada1e404fa2e665e45b3c692, type: 3}
      propertyPath: m_Name
      value: Block (1)
      objectReference: {fileID: 0}
    - target: {fileID: 4875392971546726, guid: 093d95d5ada1e404fa2e665e45b3c692, type: 3}
      propertyPath: m_LocalPosition.x
      value: 27.21
      objectReference: {fileID: 0}
    - target: {fileID: 4875392971546726, guid: 093d95d5ada1e404fa2e665e45b3c692, type: 3}
      propertyPath: m_LocalPosition.y
      value: -0
      objectReference: {fileID: 0}
    - target: {fileID: 4875392971546726, guid: 093d95d5ada1e404fa2e665e45b3c692, type: 3}
      propertyPath: m_LocalPosition.z
      value: 0
      objectReference: {fileID: 0}
    - target: {fileID: 4875392971546726, guid: 093d95d5ada1e404fa2e665e45b3c692, type: 3}
      propertyPath: m_LocalRotation.x
      value: 0
      objectReference: {fileID: 0}
    - target: {fileID: 4875392971546726, guid: 093d95d5ada1e404fa2e665e45b3c692, type: 3}
      propertyPath: m_LocalRotation.y
      value: 0
      objectReference: {fileID: 0}
    - target: {fileID: 4875392971546726, guid: 093d95d5ada1e404fa2e665e45b3c692, type: 3}
      propertyPath: m_LocalRotation.z
      value: 0
      objectReference: {fileID: 0}
    - target: {fileID: 4875392971546726, guid: 093d95d5ada1e404fa2e665e45b3c692, type: 3}
      propertyPath: m_LocalRotation.w
      value: 1
      objectReference: {fileID: 0}
    - target: {fileID: 4875392971546726, guid: 093d95d5ada1e404fa2e665e45b3c692, type: 3}
      propertyPath: m_RootOrder
      value: 3
      objectReference: {fileID: 0}
    - target: {fileID: 4875392971546726, guid: 093d95d5ada1e404fa2e665e45b3c692, type: 3}
      propertyPath: m_LocalEulerAnglesHint.x
      value: 0
      objectReference: {fileID: 0}
    - target: {fileID: 4875392971546726, guid: 093d95d5ada1e404fa2e665e45b3c692, type: 3}
      propertyPath: m_LocalEulerAnglesHint.y
      value: 0
      objectReference: {fileID: 0}
    - target: {fileID: 4875392971546726, guid: 093d95d5ada1e404fa2e665e45b3c692, type: 3}
      propertyPath: m_LocalEulerAnglesHint.z
      value: 0
      objectReference: {fileID: 0}
    - target: {fileID: 3013195103163533777, guid: 093d95d5ada1e404fa2e665e45b3c692,
        type: 3}
      propertyPath: m_LocalScale.x
      value: 2
      objectReference: {fileID: 0}
    m_RemovedComponents: []
  m_SourcePrefab: {fileID: 100100000, guid: 093d95d5ada1e404fa2e665e45b3c692, type: 3}
--- !u!4 &8882999420902662680 stripped
Transform:
  m_CorrespondingSourceObject: {fileID: 4875392971546726, guid: 093d95d5ada1e404fa2e665e45b3c692,
    type: 3}
  m_PrefabInstance: {fileID: 8887733796067263102}
  m_PrefabAsset: {fileID: 0}
--- !u!1001 &8912701352930419670
PrefabInstance:
  m_ObjectHideFlags: 0
  serializedVersion: 2
  m_Modification:
    m_TransformParent: {fileID: 4710971383091664}
    m_Modifications:
    - target: {fileID: 2320551842207795533, guid: 76916d4175c432e46800cce8299bfa6a,
        type: 3}
      propertyPath: m_Name
      value: EndPoint
      objectReference: {fileID: 0}
    - target: {fileID: 2323631769857205585, guid: 76916d4175c432e46800cce8299bfa6a,
        type: 3}
      propertyPath: m_LocalPosition.x
      value: 60
      objectReference: {fileID: 0}
    - target: {fileID: 2323631769857205585, guid: 76916d4175c432e46800cce8299bfa6a,
        type: 3}
      propertyPath: m_LocalPosition.y
      value: 0
      objectReference: {fileID: 0}
    - target: {fileID: 2323631769857205585, guid: 76916d4175c432e46800cce8299bfa6a,
        type: 3}
      propertyPath: m_LocalPosition.z
      value: 0
      objectReference: {fileID: 0}
    - target: {fileID: 2323631769857205585, guid: 76916d4175c432e46800cce8299bfa6a,
        type: 3}
      propertyPath: m_LocalRotation.x
      value: 0
      objectReference: {fileID: 0}
    - target: {fileID: 2323631769857205585, guid: 76916d4175c432e46800cce8299bfa6a,
        type: 3}
      propertyPath: m_LocalRotation.y
      value: 0
      objectReference: {fileID: 0}
    - target: {fileID: 2323631769857205585, guid: 76916d4175c432e46800cce8299bfa6a,
        type: 3}
      propertyPath: m_LocalRotation.z
      value: 0
      objectReference: {fileID: 0}
    - target: {fileID: 2323631769857205585, guid: 76916d4175c432e46800cce8299bfa6a,
        type: 3}
      propertyPath: m_LocalRotation.w
      value: 1
      objectReference: {fileID: 0}
    - target: {fileID: 2323631769857205585, guid: 76916d4175c432e46800cce8299bfa6a,
        type: 3}
      propertyPath: m_RootOrder
      value: 3
      objectReference: {fileID: 0}
    - target: {fileID: 2323631769857205585, guid: 76916d4175c432e46800cce8299bfa6a,
        type: 3}
      propertyPath: m_LocalEulerAnglesHint.x
      value: 0
      objectReference: {fileID: 0}
    - target: {fileID: 2323631769857205585, guid: 76916d4175c432e46800cce8299bfa6a,
        type: 3}
      propertyPath: m_LocalEulerAnglesHint.y
      value: 0
      objectReference: {fileID: 0}
    - target: {fileID: 2323631769857205585, guid: 76916d4175c432e46800cce8299bfa6a,
        type: 3}
      propertyPath: m_LocalEulerAnglesHint.z
      value: 0
      objectReference: {fileID: 0}
    m_RemovedComponents: []
  m_SourcePrefab: {fileID: 100100000, guid: 76916d4175c432e46800cce8299bfa6a, type: 3}
--- !u!4 &6597619935418582663 stripped
Transform:
  m_CorrespondingSourceObject: {fileID: 2323631769857205585, guid: 76916d4175c432e46800cce8299bfa6a,
    type: 3}
  m_PrefabInstance: {fileID: 8912701352930419670}
  m_PrefabAsset: {fileID: 0}
