%YAML 1.1
%TAG !u! tag:unity3d.com,2011:
--- !u!1 &1569506611814688
GameObject:
  m_ObjectHideFlags: 0
  m_CorrespondingSourceObject: {fileID: 0}
  m_PrefabInstance: {fileID: 0}
  m_PrefabAsset: {fileID: 0}
  serializedVersion: 6
  m_Component:
  - component: {fileID: 4710971383091664}
  - component: {fileID: 114658555182137490}
  m_Layer: 0
  m_Name: Level21_1
  m_TagString: Untagged
  m_Icon: {fileID: 0}
  m_NavMeshLayer: 0
  m_StaticEditorFlags: 0
  m_IsActive: 1
--- !u!4 &4710971383091664
Transform:
  m_ObjectHideFlags: 0
  m_CorrespondingSourceObject: {fileID: 0}
  m_PrefabInstance: {fileID: 0}
  m_PrefabAsset: {fileID: 0}
  m_GameObject: {fileID: 1569506611814688}
  m_LocalRotation: {x: -0, y: -0, z: -0, w: 1}
  m_LocalPosition: {x: 20, y: 0, z: 0}
  m_LocalScale: {x: 1, y: 1, z: 1}
  m_Children:
  - {fileID: 4551972304360292}
  - {fileID: 375121301675662090}
  - {fileID: 3565576524324247695}
  m_Father: {fileID: 0}
  m_RootOrder: 0
  m_LocalEulerAnglesHint: {x: 0, y: 0, z: 0}
--- !u!114 &114658555182137490
MonoBehaviour:
  m_ObjectHideFlags: 0
  m_CorrespondingSourceObject: {fileID: 0}
  m_PrefabInstance: {fileID: 0}
  m_PrefabAsset: {fileID: 0}
  m_GameObject: {fileID: 1569506611814688}
  m_Enabled: 1
  m_EditorHideFlags: 0
  m_Script: {fileID: 11500000, guid: 29f7adea44f768b41a14032f50a3d1fc, type: 3}
  m_Name: 
  m_EditorClassIdentifier: 
  _transform: {fileID: 0}
  blocksGroup: {fileID: 4551972304360292}
  trapsGroup: {fileID: 375121301675662090}
  foodGroup: {fileID: 0}
  foodNum: 0
--- !u!1 &1766172641249966
GameObject:
  m_ObjectHideFlags: 0
  m_CorrespondingSourceObject: {fileID: 0}
  m_PrefabInstance: {fileID: 0}
  m_PrefabAsset: {fileID: 0}
  serializedVersion: 6
  m_Component:
  - component: {fileID: 4551972304360292}
  m_Layer: 0
  m_Name: Blocks
  m_TagString: Untagged
  m_Icon: {fileID: 0}
  m_NavMeshLayer: 0
  m_StaticEditorFlags: 0
  m_IsActive: 1
--- !u!4 &4551972304360292
Transform:
  m_ObjectHideFlags: 0
  m_CorrespondingSourceObject: {fileID: 0}
  m_PrefabInstance: {fileID: 0}
  m_PrefabAsset: {fileID: 0}
  m_GameObject: {fileID: 1766172641249966}
  m_LocalRotation: {x: 0, y: 0, z: 0, w: 1}
  m_LocalPosition: {x: 0, y: 0, z: 0}
  m_LocalScale: {x: 1, y: 1, z: 1}
  m_Children:
  - {fileID: 992048644731834389}
  - {fileID: 1834607441699649276}
  - {fileID: 8422658968336065859}
  - {fileID: 6699687394948198501}
  - {fileID: 4901151791071470628}
  - {fileID: 4283771678016838634}
  m_Father: {fileID: 4710971383091664}
  m_RootOrder: 0
  m_LocalEulerAnglesHint: {x: 0, y: 0, z: 0}
--- !u!1 &3570194908859526059
GameObject:
  m_ObjectHideFlags: 0
  m_CorrespondingSourceObject: {fileID: 0}
  m_PrefabInstance: {fileID: 0}
  m_PrefabAsset: {fileID: 0}
  serializedVersion: 6
  m_Component:
  - component: {fileID: 375121301675662090}
  m_Layer: 0
  m_Name: Traps
  m_TagString: Untagged
  m_Icon: {fileID: 0}
  m_NavMeshLayer: 0
  m_StaticEditorFlags: 0
  m_IsActive: 1
--- !u!4 &375121301675662090
Transform:
  m_ObjectHideFlags: 0
  m_CorrespondingSourceObject: {fileID: 0}
  m_PrefabInstance: {fileID: 0}
  m_PrefabAsset: {fileID: 0}
  m_GameObject: {fileID: 3570194908859526059}
  m_LocalRotation: {x: 0, y: 0, z: 0, w: 1}
  m_LocalPosition: {x: 0, y: 0, z: 0}
  m_LocalScale: {x: 1, y: 1, z: 1}
  m_Children:
  - {fileID: 3754087820339352424}
  - {fileID: 594764422770012789}
  - {fileID: 3809642010492808752}
  - {fileID: 5668708181513180457}
  - {fileID: 2426216339511546487}
  m_Father: {fileID: 4710971383091664}
  m_RootOrder: 1
  m_LocalEulerAnglesHint: {x: 0, y: 0, z: 0}
--- !u!1001 &996625620087984589
PrefabInstance:
  m_ObjectHideFlags: 0
  serializedVersion: 2
  m_Modification:
    m_TransformParent: {fileID: 4551972304360292}
    m_Modifications:
    - target: {fileID: 1214162638093782, guid: 5b3590772f8076e448cfdbbee61c0c94, type: 3}
      propertyPath: m_Name
      value: MovingBlock
      objectReference: {fileID: 0}
    - target: {fileID: 4731494455296472, guid: 5b3590772f8076e448cfdbbee61c0c94, type: 3}
      propertyPath: m_LocalPosition.x
      value: 1.8
      objectReference: {fileID: 0}
    - target: {fileID: 4731494455296472, guid: 5b3590772f8076e448cfdbbee61c0c94, type: 3}
      propertyPath: m_LocalPosition.y
      value: -1.6
      objectReference: {fileID: 0}
    - target: {fileID: 4731494455296472, guid: 5b3590772f8076e448cfdbbee61c0c94, type: 3}
      propertyPath: m_LocalPosition.z
      value: 0
      objectReference: {fileID: 0}
    - target: {fileID: 4731494455296472, guid: 5b3590772f8076e448cfdbbee61c0c94, type: 3}
      propertyPath: m_LocalRotation.x
      value: 0
      objectReference: {fileID: 0}
    - target: {fileID: 4731494455296472, guid: 5b3590772f8076e448cfdbbee61c0c94, type: 3}
      propertyPath: m_LocalRotation.y
      value: 0
      objectReference: {fileID: 0}
    - target: {fileID: 4731494455296472, guid: 5b3590772f8076e448cfdbbee61c0c94, type: 3}
      propertyPath: m_LocalRotation.z
      value: 0
      objectReference: {fileID: 0}
    - target: {fileID: 4731494455296472, guid: 5b3590772f8076e448cfdbbee61c0c94, type: 3}
      propertyPath: m_LocalRotation.w
      value: 1
      objectReference: {fileID: 0}
    - target: {fileID: 4731494455296472, guid: 5b3590772f8076e448cfdbbee61c0c94, type: 3}
      propertyPath: m_RootOrder
      value: 0
      objectReference: {fileID: 0}
    - target: {fileID: 4731494455296472, guid: 5b3590772f8076e448cfdbbee61c0c94, type: 3}
      propertyPath: m_LocalEulerAnglesHint.x
      value: 0
      objectReference: {fileID: 0}
    - target: {fileID: 4731494455296472, guid: 5b3590772f8076e448cfdbbee61c0c94, type: 3}
      propertyPath: m_LocalEulerAnglesHint.y
      value: 0
      objectReference: {fileID: 0}
    - target: {fileID: 4731494455296472, guid: 5b3590772f8076e448cfdbbee61c0c94, type: 3}
      propertyPath: m_LocalEulerAnglesHint.z
      value: 0
      objectReference: {fileID: 0}
    - target: {fileID: 114761444031487610, guid: 5b3590772f8076e448cfdbbee61c0c94,
        type: 3}
      propertyPath: speed
      value: 3.5
      objectReference: {fileID: 0}
    - target: {fileID: 114761444031487610, guid: 5b3590772f8076e448cfdbbee61c0c94,
        type: 3}
      propertyPath: fadeAfterHit
      value: 1
      objectReference: {fileID: 0}
    m_RemovedComponents: []
  m_SourcePrefab: {fileID: 100100000, guid: 5b3590772f8076e448cfdbbee61c0c94, type: 3}
--- !u!4 &992048644731834389 stripped
Transform:
  m_CorrespondingSourceObject: {fileID: 4731494455296472, guid: 5b3590772f8076e448cfdbbee61c0c94,
    type: 3}
  m_PrefabInstance: {fileID: 996625620087984589}
  m_PrefabAsset: {fileID: 0}
--- !u!1001 &1244201025883553246
PrefabInstance:
  m_ObjectHideFlags: 0
  serializedVersion: 2
  m_Modification:
    m_TransformParent: {fileID: 4710971383091664}
    m_Modifications:
    - target: {fileID: 2320551842207795533, guid: 76916d4175c432e46800cce8299bfa6a,
        type: 3}
      propertyPath: m_Name
      value: EndPoint
      objectReference: {fileID: 0}
    - target: {fileID: 2323631769857205585, guid: 76916d4175c432e46800cce8299bfa6a,
        type: 3}
      propertyPath: m_LocalPosition.x
      value: 60
      objectReference: {fileID: 0}
    - target: {fileID: 2323631769857205585, guid: 76916d4175c432e46800cce8299bfa6a,
        type: 3}
      propertyPath: m_LocalPosition.y
      value: 0
      objectReference: {fileID: 0}
    - target: {fileID: 2323631769857205585, guid: 76916d4175c432e46800cce8299bfa6a,
        type: 3}
      propertyPath: m_LocalPosition.z
      value: 0
      objectReference: {fileID: 0}
    - target: {fileID: 2323631769857205585, guid: 76916d4175c432e46800cce8299bfa6a,
        type: 3}
      propertyPath: m_LocalRotation.x
      value: 0
      objectReference: {fileID: 0}
    - target: {fileID: 2323631769857205585, guid: 76916d4175c432e46800cce8299bfa6a,
        type: 3}
      propertyPath: m_LocalRotation.y
      value: 0
      objectReference: {fileID: 0}
    - target: {fileID: 2323631769857205585, guid: 76916d4175c432e46800cce8299bfa6a,
        type: 3}
      propertyPath: m_LocalRotation.z
      value: 0
      objectReference: {fileID: 0}
    - target: {fileID: 2323631769857205585, guid: 76916d4175c432e46800cce8299bfa6a,
        type: 3}
      propertyPath: m_LocalRotation.w
      value: 1
      objectReference: {fileID: 0}
    - target: {fileID: 2323631769857205585, guid: 76916d4175c432e46800cce8299bfa6a,
        type: 3}
      propertyPath: m_RootOrder
      value: 2
      objectReference: {fileID: 0}
    - target: {fileID: 2323631769857205585, guid: 76916d4175c432e46800cce8299bfa6a,
        type: 3}
      propertyPath: m_LocalEulerAnglesHint.x
      value: 0
      objectReference: {fileID: 0}
    - target: {fileID: 2323631769857205585, guid: 76916d4175c432e46800cce8299bfa6a,
        type: 3}
      propertyPath: m_LocalEulerAnglesHint.y
      value: 0
      objectReference: {fileID: 0}
    - target: {fileID: 2323631769857205585, guid: 76916d4175c432e46800cce8299bfa6a,
        type: 3}
      propertyPath: m_LocalEulerAnglesHint.z
      value: 0
      objectReference: {fileID: 0}
    m_RemovedComponents: []
  m_SourcePrefab: {fileID: 100100000, guid: 76916d4175c432e46800cce8299bfa6a, type: 3}
--- !u!4 &3565576524324247695 stripped
Transform:
  m_CorrespondingSourceObject: {fileID: 2323631769857205585, guid: 76916d4175c432e46800cce8299bfa6a,
    type: 3}
  m_PrefabInstance: {fileID: 1244201025883553246}
  m_PrefabAsset: {fileID: 0}
--- !u!1001 &1829898490655307556
PrefabInstance:
  m_ObjectHideFlags: 0
  serializedVersion: 2
  m_Modification:
    m_TransformParent: {fileID: 4551972304360292}
    m_Modifications:
    - target: {fileID: 1214162638093782, guid: 5b3590772f8076e448cfdbbee61c0c94, type: 3}
      propertyPath: m_Name
      value: MovingBlock (1)
      objectReference: {fileID: 0}
    - target: {fileID: 4731494455296472, guid: 5b3590772f8076e448cfdbbee61c0c94, type: 3}
      propertyPath: m_LocalPosition.x
      value: 24.9
      objectReference: {fileID: 0}
    - target: {fileID: 4731494455296472, guid: 5b3590772f8076e448cfdbbee61c0c94, type: 3}
      propertyPath: m_LocalPosition.y
      value: -1.3
      objectReference: {fileID: 0}
    - target: {fileID: 4731494455296472, guid: 5b3590772f8076e448cfdbbee61c0c94, type: 3}
      propertyPath: m_LocalPosition.z
      value: 0
      objectReference: {fileID: 0}
    - target: {fileID: 4731494455296472, guid: 5b3590772f8076e448cfdbbee61c0c94, type: 3}
      propertyPath: m_LocalRotation.x
      value: -0
      objectReference: {fileID: 0}
    - target: {fileID: 4731494455296472, guid: 5b3590772f8076e448cfdbbee61c0c94, type: 3}
      propertyPath: m_LocalRotation.y
      value: -0
      objectReference: {fileID: 0}
    - target: {fileID: 4731494455296472, guid: 5b3590772f8076e448cfdbbee61c0c94, type: 3}
      propertyPath: m_LocalRotation.z
      value: -0
      objectReference: {fileID: 0}
    - target: {fileID: 4731494455296472, guid: 5b3590772f8076e448cfdbbee61c0c94, type: 3}
      propertyPath: m_LocalRotation.w
      value: 1
      objectReference: {fileID: 0}
    - target: {fileID: 4731494455296472, guid: 5b3590772f8076e448cfdbbee61c0c94, type: 3}
      propertyPath: m_RootOrder
      value: 1
      objectReference: {fileID: 0}
    - target: {fileID: 4731494455296472, guid: 5b3590772f8076e448cfdbbee61c0c94, type: 3}
      propertyPath: m_LocalEulerAnglesHint.x
      value: 0
      objectReference: {fileID: 0}
    - target: {fileID: 4731494455296472, guid: 5b3590772f8076e448cfdbbee61c0c94, type: 3}
      propertyPath: m_LocalEulerAnglesHint.y
      value: 0
      objectReference: {fileID: 0}
    - target: {fileID: 4731494455296472, guid: 5b3590772f8076e448cfdbbee61c0c94, type: 3}
      propertyPath: m_LocalEulerAnglesHint.z
      value: 0
      objectReference: {fileID: 0}
    - target: {fileID: 4403225247367506, guid: 5b3590772f8076e448cfdbbee61c0c94, type: 3}
      propertyPath: m_LocalPosition.y
      value: 5.13
      objectReference: {fileID: 0}
    - target: {fileID: 9062822208647474394, guid: 5b3590772f8076e448cfdbbee61c0c94,
        type: 3}
      propertyPath: m_LocalScale.x
      value: 1.5
      objectReference: {fileID: 0}
    - target: {fileID: 114761444031487610, guid: 5b3590772f8076e448cfdbbee61c0c94,
        type: 3}
      propertyPath: speed
      value: 4
      objectReference: {fileID: 0}
    - target: {fileID: 114761444031487610, guid: 5b3590772f8076e448cfdbbee61c0c94,
        type: 3}
      propertyPath: fadeAfterHit
      value: 1
      objectReference: {fileID: 0}
    m_RemovedComponents: []
  m_SourcePrefab: {fileID: 100100000, guid: 5b3590772f8076e448cfdbbee61c0c94, type: 3}
--- !u!4 &1834607441699649276 stripped
Transform:
  m_CorrespondingSourceObject: {fileID: 4731494455296472, guid: 5b3590772f8076e448cfdbbee61c0c94,
    type: 3}
  m_PrefabInstance: {fileID: 1829898490655307556}
  m_PrefabAsset: {fileID: 0}
--- !u!1001 &3915357989498837743
PrefabInstance:
  m_ObjectHideFlags: 0
  serializedVersion: 2
  m_Modification:
    m_TransformParent: {fileID: 375121301675662090}
    m_Modifications:
    - target: {fileID: 8718240272869314503, guid: 5036c9e76c561ae49ae7097a6b8d2d7a,
        type: 3}
      propertyPath: m_Name
      value: StingCircle (1)
      objectReference: {fileID: 0}
    - target: {fileID: 8718240272869314502, guid: 5036c9e76c561ae49ae7097a6b8d2d7a,
        type: 3}
      propertyPath: m_LocalPosition.x
      value: 33.9
      objectReference: {fileID: 0}
    - target: {fileID: 8718240272869314502, guid: 5036c9e76c561ae49ae7097a6b8d2d7a,
        type: 3}
      propertyPath: m_LocalPosition.y
      value: 4.61
      objectReference: {fileID: 0}
    - target: {fileID: 8718240272869314502, guid: 5036c9e76c561ae49ae7097a6b8d2d7a,
        type: 3}
      propertyPath: m_LocalPosition.z
      value: 0
      objectReference: {fileID: 0}
    - target: {fileID: 8718240272869314502, guid: 5036c9e76c561ae49ae7097a6b8d2d7a,
        type: 3}
      propertyPath: m_LocalRotation.x
      value: -0
      objectReference: {fileID: 0}
    - target: {fileID: 8718240272869314502, guid: 5036c9e76c561ae49ae7097a6b8d2d7a,
        type: 3}
      propertyPath: m_LocalRotation.y
      value: -0
      objectReference: {fileID: 0}
    - target: {fileID: 8718240272869314502, guid: 5036c9e76c561ae49ae7097a6b8d2d7a,
        type: 3}
      propertyPath: m_LocalRotation.z
      value: -0
      objectReference: {fileID: 0}
    - target: {fileID: 8718240272869314502, guid: 5036c9e76c561ae49ae7097a6b8d2d7a,
        type: 3}
      propertyPath: m_LocalRotation.w
      value: 1
      objectReference: {fileID: 0}
    - target: {fileID: 8718240272869314502, guid: 5036c9e76c561ae49ae7097a6b8d2d7a,
        type: 3}
      propertyPath: m_RootOrder
      value: 3
      objectReference: {fileID: 0}
    - target: {fileID: 8718240272869314502, guid: 5036c9e76c561ae49ae7097a6b8d2d7a,
        type: 3}
      propertyPath: m_LocalEulerAnglesHint.x
      value: 0
      objectReference: {fileID: 0}
    - target: {fileID: 8718240272869314502, guid: 5036c9e76c561ae49ae7097a6b8d2d7a,
        type: 3}
      propertyPath: m_LocalEulerAnglesHint.y
      value: 0
      objectReference: {fileID: 0}
    - target: {fileID: 8718240272869314502, guid: 5036c9e76c561ae49ae7097a6b8d2d7a,
        type: 3}
      propertyPath: m_LocalEulerAnglesHint.z
      value: 0
      objectReference: {fileID: 0}
    - target: {fileID: 4248656609890869170, guid: 5036c9e76c561ae49ae7097a6b8d2d7a,
        type: 3}
      propertyPath: m_IsActive
      value: 0
      objectReference: {fileID: 0}
    m_RemovedComponents: []
  m_SourcePrefab: {fileID: 100100000, guid: 5036c9e76c561ae49ae7097a6b8d2d7a, type: 3}
--- !u!4 &5668708181513180457 stripped
Transform:
  m_CorrespondingSourceObject: {fileID: 8718240272869314502, guid: 5036c9e76c561ae49ae7097a6b8d2d7a,
    type: 3}
  m_PrefabInstance: {fileID: 3915357989498837743}
  m_PrefabAsset: {fileID: 0}
--- !u!1001 &4279072214426794892
PrefabInstance:
  m_ObjectHideFlags: 0
  serializedVersion: 2
  m_Modification:
    m_TransformParent: {fileID: 4551972304360292}
    m_Modifications:
    - target: {fileID: 1485244063864546, guid: 093d95d5ada1e404fa2e665e45b3c692, type: 3}
      propertyPath: m_Name
      value: Block (1)
      objectReference: {fileID: 0}
    - target: {fileID: 4875392971546726, guid: 093d95d5ada1e404fa2e665e45b3c692, type: 3}
      propertyPath: m_LocalPosition.x
      value: 56.48
      objectReference: {fileID: 0}
    - target: {fileID: 4875392971546726, guid: 093d95d5ada1e404fa2e665e45b3c692, type: 3}
      propertyPath: m_LocalPosition.y
      value: 0.03
      objectReference: {fileID: 0}
    - target: {fileID: 4875392971546726, guid: 093d95d5ada1e404fa2e665e45b3c692, type: 3}
      propertyPath: m_LocalPosition.z
      value: 0
      objectReference: {fileID: 0}
    - target: {fileID: 4875392971546726, guid: 093d95d5ada1e404fa2e665e45b3c692, type: 3}
      propertyPath: m_LocalRotation.x
      value: -0
      objectReference: {fileID: 0}
    - target: {fileID: 4875392971546726, guid: 093d95d5ada1e404fa2e665e45b3c692, type: 3}
      propertyPath: m_LocalRotation.y
      value: -0
      objectReference: {fileID: 0}
    - target: {fileID: 4875392971546726, guid: 093d95d5ada1e404fa2e665e45b3c692, type: 3}
      propertyPath: m_LocalRotation.z
      value: -0
      objectReference: {fileID: 0}
    - target: {fileID: 4875392971546726, guid: 093d95d5ada1e404fa2e665e45b3c692, type: 3}
      propertyPath: m_LocalRotation.w
      value: 1
      objectReference: {fileID: 0}
    - target: {fileID: 4875392971546726, guid: 093d95d5ada1e404fa2e665e45b3c692, type: 3}
      propertyPath: m_RootOrder
      value: 5
      objectReference: {fileID: 0}
    - target: {fileID: 4875392971546726, guid: 093d95d5ada1e404fa2e665e45b3c692, type: 3}
      propertyPath: m_LocalEulerAnglesHint.x
      value: 0
      objectReference: {fileID: 0}
    - target: {fileID: 4875392971546726, guid: 093d95d5ada1e404fa2e665e45b3c692, type: 3}
      propertyPath: m_LocalEulerAnglesHint.y
      value: 0
      objectReference: {fileID: 0}
    - target: {fileID: 4875392971546726, guid: 093d95d5ada1e404fa2e665e45b3c692, type: 3}
      propertyPath: m_LocalEulerAnglesHint.z
      value: 0
      objectReference: {fileID: 0}
    - target: {fileID: 3013195103163533777, guid: 093d95d5ada1e404fa2e665e45b3c692,
        type: 3}
      propertyPath: m_LocalScale.x
      value: 0.6
      objectReference: {fileID: 0}
    m_RemovedComponents: []
  m_SourcePrefab: {fileID: 100100000, guid: 093d95d5ada1e404fa2e665e45b3c692, type: 3}
--- !u!4 &4283771678016838634 stripped
Transform:
  m_CorrespondingSourceObject: {fileID: 4875392971546726, guid: 093d95d5ada1e404fa2e665e45b3c692,
    type: 3}
  m_PrefabInstance: {fileID: 4279072214426794892}
  m_PrefabAsset: {fileID: 0}
--- !u!1001 &4905882013071836226
PrefabInstance:
  m_ObjectHideFlags: 0
  serializedVersion: 2
  m_Modification:
    m_TransformParent: {fileID: 4551972304360292}
    m_Modifications:
    - target: {fileID: 1485244063864546, guid: 093d95d5ada1e404fa2e665e45b3c692, type: 3}
      propertyPath: m_Name
      value: Block
      objectReference: {fileID: 0}
    - target: {fileID: 4875392971546726, guid: 093d95d5ada1e404fa2e665e45b3c692, type: 3}
      propertyPath: m_LocalPosition.x
      value: 12.5
      objectReference: {fileID: 0}
    - target: {fileID: 4875392971546726, guid: 093d95d5ada1e404fa2e665e45b3c692, type: 3}
      propertyPath: m_LocalPosition.y
      value: 0.4
      objectReference: {fileID: 0}
    - target: {fileID: 4875392971546726, guid: 093d95d5ada1e404fa2e665e45b3c692, type: 3}
      propertyPath: m_LocalPosition.z
      value: 0
      objectReference: {fileID: 0}
    - target: {fileID: 4875392971546726, guid: 093d95d5ada1e404fa2e665e45b3c692, type: 3}
      propertyPath: m_LocalRotation.x
      value: -0
      objectReference: {fileID: 0}
    - target: {fileID: 4875392971546726, guid: 093d95d5ada1e404fa2e665e45b3c692, type: 3}
      propertyPath: m_LocalRotation.y
      value: -0
      objectReference: {fileID: 0}
    - target: {fileID: 4875392971546726, guid: 093d95d5ada1e404fa2e665e45b3c692, type: 3}
      propertyPath: m_LocalRotation.z
      value: -0
      objectReference: {fileID: 0}
    - target: {fileID: 4875392971546726, guid: 093d95d5ada1e404fa2e665e45b3c692, type: 3}
      propertyPath: m_LocalRotation.w
      value: 1
      objectReference: {fileID: 0}
    - target: {fileID: 4875392971546726, guid: 093d95d5ada1e404fa2e665e45b3c692, type: 3}
      propertyPath: m_RootOrder
      value: 4
      objectReference: {fileID: 0}
    - target: {fileID: 4875392971546726, guid: 093d95d5ada1e404fa2e665e45b3c692, type: 3}
      propertyPath: m_LocalEulerAnglesHint.x
      value: 0
      objectReference: {fileID: 0}
    - target: {fileID: 4875392971546726, guid: 093d95d5ada1e404fa2e665e45b3c692, type: 3}
      propertyPath: m_LocalEulerAnglesHint.y
      value: 0
      objectReference: {fileID: 0}
    - target: {fileID: 4875392971546726, guid: 093d95d5ada1e404fa2e665e45b3c692, type: 3}
      propertyPath: m_LocalEulerAnglesHint.z
      value: 0
      objectReference: {fileID: 0}
    - target: {fileID: 3013195103163533777, guid: 093d95d5ada1e404fa2e665e45b3c692,
        type: 3}
      propertyPath: m_LocalScale.x
      value: 2
      objectReference: {fileID: 0}
    m_RemovedComponents: []
  m_SourcePrefab: {fileID: 100100000, guid: 093d95d5ada1e404fa2e665e45b3c692, type: 3}
--- !u!4 &4901151791071470628 stripped
Transform:
  m_CorrespondingSourceObject: {fileID: 4875392971546726, guid: 093d95d5ada1e404fa2e665e45b3c692,
    type: 3}
  m_PrefabInstance: {fileID: 4905882013071836226}
  m_PrefabAsset: {fileID: 0}
--- !u!1001 &5486501927333487094
PrefabInstance:
  m_ObjectHideFlags: 0
  serializedVersion: 2
  m_Modification:
    m_TransformParent: {fileID: 375121301675662090}
    m_Modifications:
    - target: {fileID: 8718240272869314503, guid: 5036c9e76c561ae49ae7097a6b8d2d7a,
        type: 3}
      propertyPath: m_Name
      value: StingCircle (4)
      objectReference: {fileID: 0}
    - target: {fileID: 8718240272869314502, guid: 5036c9e76c561ae49ae7097a6b8d2d7a,
        type: 3}
      propertyPath: m_LocalPosition.x
      value: 18.279999
      objectReference: {fileID: 0}
    - target: {fileID: 8718240272869314502, guid: 5036c9e76c561ae49ae7097a6b8d2d7a,
        type: 3}
      propertyPath: m_LocalPosition.y
      value: 1.99
      objectReference: {fileID: 0}
    - target: {fileID: 8718240272869314502, guid: 5036c9e76c561ae49ae7097a6b8d2d7a,
        type: 3}
      propertyPath: m_LocalPosition.z
      value: 0
      objectReference: {fileID: 0}
    - target: {fileID: 8718240272869314502, guid: 5036c9e76c561ae49ae7097a6b8d2d7a,
        type: 3}
      propertyPath: m_LocalRotation.x
      value: -0
      objectReference: {fileID: 0}
    - target: {fileID: 8718240272869314502, guid: 5036c9e76c561ae49ae7097a6b8d2d7a,
        type: 3}
      propertyPath: m_LocalRotation.y
      value: -0
      objectReference: {fileID: 0}
    - target: {fileID: 8718240272869314502, guid: 5036c9e76c561ae49ae7097a6b8d2d7a,
        type: 3}
      propertyPath: m_LocalRotation.z
      value: -0
      objectReference: {fileID: 0}
    - target: {fileID: 8718240272869314502, guid: 5036c9e76c561ae49ae7097a6b8d2d7a,
        type: 3}
      propertyPath: m_LocalRotation.w
      value: 1
      objectReference: {fileID: 0}
    - target: {fileID: 8718240272869314502, guid: 5036c9e76c561ae49ae7097a6b8d2d7a,
        type: 3}
      propertyPath: m_RootOrder
      value: 2
      objectReference: {fileID: 0}
    - target: {fileID: 8718240272869314502, guid: 5036c9e76c561ae49ae7097a6b8d2d7a,
        type: 3}
      propertyPath: m_LocalEulerAnglesHint.x
      value: 0
      objectReference: {fileID: 0}
    - target: {fileID: 8718240272869314502, guid: 5036c9e76c561ae49ae7097a6b8d2d7a,
        type: 3}
      propertyPath: m_LocalEulerAnglesHint.y
      value: 0
      objectReference: {fileID: 0}
    - target: {fileID: 8718240272869314502, guid: 5036c9e76c561ae49ae7097a6b8d2d7a,
        type: 3}
      propertyPath: m_LocalEulerAnglesHint.z
      value: 0
      objectReference: {fileID: 0}
    - target: {fileID: 8718240273795574392, guid: 5036c9e76c561ae49ae7097a6b8d2d7a,
        type: 3}
      propertyPath: m_LocalScale.x
      value: 0.9
      objectReference: {fileID: 0}
    - target: {fileID: 8718240273795574392, guid: 5036c9e76c561ae49ae7097a6b8d2d7a,
        type: 3}
      propertyPath: m_LocalScale.y
      value: 0.9
      objectReference: {fileID: 0}
    - target: {fileID: 4248656609890869170, guid: 5036c9e76c561ae49ae7097a6b8d2d7a,
        type: 3}
      propertyPath: m_IsActive
      value: 0
      objectReference: {fileID: 0}
    m_RemovedComponents: []
  m_SourcePrefab: {fileID: 100100000, guid: 5036c9e76c561ae49ae7097a6b8d2d7a, type: 3}
--- !u!4 &3809642010492808752 stripped
Transform:
  m_CorrespondingSourceObject: {fileID: 8718240272869314502, guid: 5036c9e76c561ae49ae7097a6b8d2d7a,
    type: 3}
  m_PrefabInstance: {fileID: 5486501927333487094}
  m_PrefabAsset: {fileID: 0}
--- !u!1001 &5540654243516767406
PrefabInstance:
  m_ObjectHideFlags: 0
  serializedVersion: 2
  m_Modification:
    m_TransformParent: {fileID: 375121301675662090}
    m_Modifications:
    - target: {fileID: 8718240272869314503, guid: 5036c9e76c561ae49ae7097a6b8d2d7a,
        type: 3}
      propertyPath: m_Name
      value: StingCircle
      objectReference: {fileID: 0}
    - target: {fileID: 8718240272869314502, guid: 5036c9e76c561ae49ae7097a6b8d2d7a,
        type: 3}
      propertyPath: m_LocalPosition.x
      value: 9.579999
      objectReference: {fileID: 0}
    - target: {fileID: 8718240272869314502, guid: 5036c9e76c561ae49ae7097a6b8d2d7a,
        type: 3}
      propertyPath: m_LocalPosition.y
      value: 1.4499998
      objectReference: {fileID: 0}
    - target: {fileID: 8718240272869314502, guid: 5036c9e76c561ae49ae7097a6b8d2d7a,
        type: 3}
      propertyPath: m_LocalPosition.z
      value: 0
      objectReference: {fileID: 0}
    - target: {fileID: 8718240272869314502, guid: 5036c9e76c561ae49ae7097a6b8d2d7a,
        type: 3}
      propertyPath: m_LocalRotation.x
      value: 0
      objectReference: {fileID: 0}
    - target: {fileID: 8718240272869314502, guid: 5036c9e76c561ae49ae7097a6b8d2d7a,
        type: 3}
      propertyPath: m_LocalRotation.y
      value: 0
      objectReference: {fileID: 0}
    - target: {fileID: 8718240272869314502, guid: 5036c9e76c561ae49ae7097a6b8d2d7a,
        type: 3}
      propertyPath: m_LocalRotation.z
      value: 0
      objectReference: {fileID: 0}
    - target: {fileID: 8718240272869314502, guid: 5036c9e76c561ae49ae7097a6b8d2d7a,
        type: 3}
      propertyPath: m_LocalRotation.w
      value: 1
      objectReference: {fileID: 0}
    - target: {fileID: 8718240272869314502, guid: 5036c9e76c561ae49ae7097a6b8d2d7a,
        type: 3}
      propertyPath: m_RootOrder
      value: 0
      objectReference: {fileID: 0}
    - target: {fileID: 8718240272869314502, guid: 5036c9e76c561ae49ae7097a6b8d2d7a,
        type: 3}
      propertyPath: m_LocalEulerAnglesHint.x
      value: 0
      objectReference: {fileID: 0}
    - target: {fileID: 8718240272869314502, guid: 5036c9e76c561ae49ae7097a6b8d2d7a,
        type: 3}
      propertyPath: m_LocalEulerAnglesHint.y
      value: 0
      objectReference: {fileID: 0}
    - target: {fileID: 8718240272869314502, guid: 5036c9e76c561ae49ae7097a6b8d2d7a,
        type: 3}
      propertyPath: m_LocalEulerAnglesHint.z
      value: 0
      objectReference: {fileID: 0}
    - target: {fileID: 4248656609890869170, guid: 5036c9e76c561ae49ae7097a6b8d2d7a,
        type: 3}
      propertyPath: m_IsActive
      value: 0
      objectReference: {fileID: 0}
    m_RemovedComponents: []
  m_SourcePrefab: {fileID: 100100000, guid: 5036c9e76c561ae49ae7097a6b8d2d7a, type: 3}
--- !u!4 &3754087820339352424 stripped
Transform:
  m_CorrespondingSourceObject: {fileID: 8718240272869314502, guid: 5036c9e76c561ae49ae7097a6b8d2d7a,
    type: 3}
  m_PrefabInstance: {fileID: 5540654243516767406}
  m_PrefabAsset: {fileID: 0}
--- !u!1001 &6437561079612890545
PrefabInstance:
  m_ObjectHideFlags: 0
  serializedVersion: 2
  m_Modification:
    m_TransformParent: {fileID: 375121301675662090}
    m_Modifications:
    - target: {fileID: 8718240272869314503, guid: 5036c9e76c561ae49ae7097a6b8d2d7a,
        type: 3}
      propertyPath: m_Name
      value: StingCircle (2)
      objectReference: {fileID: 0}
    - target: {fileID: 8718240272869314502, guid: 5036c9e76c561ae49ae7097a6b8d2d7a,
        type: 3}
      propertyPath: m_LocalPosition.x
      value: 55.01
      objectReference: {fileID: 0}
    - target: {fileID: 8718240272869314502, guid: 5036c9e76c561ae49ae7097a6b8d2d7a,
        type: 3}
      propertyPath: m_LocalPosition.y
      value: 5.03
      objectReference: {fileID: 0}
    - target: {fileID: 8718240272869314502, guid: 5036c9e76c561ae49ae7097a6b8d2d7a,
        type: 3}
      propertyPath: m_LocalPosition.z
      value: 0
      objectReference: {fileID: 0}
    - target: {fileID: 8718240272869314502, guid: 5036c9e76c561ae49ae7097a6b8d2d7a,
        type: 3}
      propertyPath: m_LocalRotation.x
      value: -0
      objectReference: {fileID: 0}
    - target: {fileID: 8718240272869314502, guid: 5036c9e76c561ae49ae7097a6b8d2d7a,
        type: 3}
      propertyPath: m_LocalRotation.y
      value: -0
      objectReference: {fileID: 0}
    - target: {fileID: 8718240272869314502, guid: 5036c9e76c561ae49ae7097a6b8d2d7a,
        type: 3}
      propertyPath: m_LocalRotation.z
      value: -0
      objectReference: {fileID: 0}
    - target: {fileID: 8718240272869314502, guid: 5036c9e76c561ae49ae7097a6b8d2d7a,
        type: 3}
      propertyPath: m_LocalRotation.w
      value: 1
      objectReference: {fileID: 0}
    - target: {fileID: 8718240272869314502, guid: 5036c9e76c561ae49ae7097a6b8d2d7a,
        type: 3}
      propertyPath: m_RootOrder
      value: 4
      objectReference: {fileID: 0}
    - target: {fileID: 8718240272869314502, guid: 5036c9e76c561ae49ae7097a6b8d2d7a,
        type: 3}
      propertyPath: m_LocalEulerAnglesHint.x
      value: 0
      objectReference: {fileID: 0}
    - target: {fileID: 8718240272869314502, guid: 5036c9e76c561ae49ae7097a6b8d2d7a,
        type: 3}
      propertyPath: m_LocalEulerAnglesHint.y
      value: 0
      objectReference: {fileID: 0}
    - target: {fileID: 8718240272869314502, guid: 5036c9e76c561ae49ae7097a6b8d2d7a,
        type: 3}
      propertyPath: m_LocalEulerAnglesHint.z
      value: 0
      objectReference: {fileID: 0}
    - target: {fileID: 4248656609890869170, guid: 5036c9e76c561ae49ae7097a6b8d2d7a,
        type: 3}
      propertyPath: m_IsActive
      value: 0
      objectReference: {fileID: 0}
    m_RemovedComponents: []
  m_SourcePrefab: {fileID: 100100000, guid: 5036c9e76c561ae49ae7097a6b8d2d7a, type: 3}
--- !u!4 &2426216339511546487 stripped
Transform:
  m_CorrespondingSourceObject: {fileID: 8718240272869314502, guid: 5036c9e76c561ae49ae7097a6b8d2d7a,
    type: 3}
  m_PrefabInstance: {fileID: 6437561079612890545}
  m_PrefabAsset: {fileID: 0}
--- !u!1001 &6695407288813842877
PrefabInstance:
  m_ObjectHideFlags: 0
  serializedVersion: 2
  m_Modification:
    m_TransformParent: {fileID: 4551972304360292}
    m_Modifications:
    - target: {fileID: 1214162638093782, guid: 5b3590772f8076e448cfdbbee61c0c94, type: 3}
      propertyPath: m_Name
      value: MovingBlock (3)
      objectReference: {fileID: 0}
    - target: {fileID: 4731494455296472, guid: 5b3590772f8076e448cfdbbee61c0c94, type: 3}
      propertyPath: m_LocalPosition.x
      value: 46.3
      objectReference: {fileID: 0}
    - target: {fileID: 4731494455296472, guid: 5b3590772f8076e448cfdbbee61c0c94, type: 3}
      propertyPath: m_LocalPosition.y
      value: -3.1
      objectReference: {fileID: 0}
    - target: {fileID: 4731494455296472, guid: 5b3590772f8076e448cfdbbee61c0c94, type: 3}
      propertyPath: m_LocalPosition.z
      value: 0
      objectReference: {fileID: 0}
    - target: {fileID: 4731494455296472, guid: 5b3590772f8076e448cfdbbee61c0c94, type: 3}
      propertyPath: m_LocalRotation.x
      value: -0
      objectReference: {fileID: 0}
    - target: {fileID: 4731494455296472, guid: 5b3590772f8076e448cfdbbee61c0c94, type: 3}
      propertyPath: m_LocalRotation.y
      value: -0
      objectReference: {fileID: 0}
    - target: {fileID: 4731494455296472, guid: 5b3590772f8076e448cfdbbee61c0c94, type: 3}
      propertyPath: m_LocalRotation.z
      value: -0
      objectReference: {fileID: 0}
    - target: {fileID: 4731494455296472, guid: 5b3590772f8076e448cfdbbee61c0c94, type: 3}
      propertyPath: m_LocalRotation.w
      value: 1
      objectReference: {fileID: 0}
    - target: {fileID: 4731494455296472, guid: 5b3590772f8076e448cfdbbee61c0c94, type: 3}
      propertyPath: m_RootOrder
      value: 3
      objectReference: {fileID: 0}
    - target: {fileID: 4731494455296472, guid: 5b3590772f8076e448cfdbbee61c0c94, type: 3}
      propertyPath: m_LocalEulerAnglesHint.x
      value: 0
      objectReference: {fileID: 0}
    - target: {fileID: 4731494455296472, guid: 5b3590772f8076e448cfdbbee61c0c94, type: 3}
      propertyPath: m_LocalEulerAnglesHint.y
      value: 0
      objectReference: {fileID: 0}
    - target: {fileID: 4731494455296472, guid: 5b3590772f8076e448cfdbbee61c0c94, type: 3}
      propertyPath: m_LocalEulerAnglesHint.z
      value: 0
      objectReference: {fileID: 0}
    - target: {fileID: 4403225247367506, guid: 5b3590772f8076e448cfdbbee61c0c94, type: 3}
      propertyPath: m_LocalPosition.y
      value: 8.1
      objectReference: {fileID: 0}
    - target: {fileID: 9062822208647474394, guid: 5b3590772f8076e448cfdbbee61c0c94,
        type: 3}
      propertyPath: m_LocalScale.x
      value: 1.5
      objectReference: {fileID: 0}
    - target: {fileID: 114761444031487610, guid: 5b3590772f8076e448cfdbbee61c0c94,
        type: 3}
      propertyPath: speed
      value: 5
      objectReference: {fileID: 0}
    - target: {fileID: 114761444031487610, guid: 5b3590772f8076e448cfdbbee61c0c94,
        type: 3}
      propertyPath: fadeAfterHit
      value: 1
      objectReference: {fileID: 0}
    m_RemovedComponents: []
  m_SourcePrefab: {fileID: 100100000, guid: 5b3590772f8076e448cfdbbee61c0c94, type: 3}
--- !u!4 &6699687394948198501 stripped
Transform:
  m_CorrespondingSourceObject: {fileID: 4731494455296472, guid: 5b3590772f8076e448cfdbbee61c0c94,
    type: 3}
  m_PrefabInstance: {fileID: 6695407288813842877}
  m_PrefabAsset: {fileID: 0}
--- !u!1001 &8123489053906468275
PrefabInstance:
  m_ObjectHideFlags: 0
  serializedVersion: 2
  m_Modification:
    m_TransformParent: {fileID: 375121301675662090}
    m_Modifications:
    - target: {fileID: 8718240272869314503, guid: 5036c9e76c561ae49ae7097a6b8d2d7a,
        type: 3}
      propertyPath: m_Name
      value: StingCircle (3)
      objectReference: {fileID: 0}
    - target: {fileID: 8718240272869314502, guid: 5036c9e76c561ae49ae7097a6b8d2d7a,
        type: 3}
      propertyPath: m_LocalPosition.x
      value: 16.399998
      objectReference: {fileID: 0}
    - target: {fileID: 8718240272869314502, guid: 5036c9e76c561ae49ae7097a6b8d2d7a,
        type: 3}
      propertyPath: m_LocalPosition.y
      value: 1.99
      objectReference: {fileID: 0}
    - target: {fileID: 8718240272869314502, guid: 5036c9e76c561ae49ae7097a6b8d2d7a,
        type: 3}
      propertyPath: m_LocalPosition.z
      value: 0
      objectReference: {fileID: 0}
    - target: {fileID: 8718240272869314502, guid: 5036c9e76c561ae49ae7097a6b8d2d7a,
        type: 3}
      propertyPath: m_LocalRotation.x
      value: -0
      objectReference: {fileID: 0}
    - target: {fileID: 8718240272869314502, guid: 5036c9e76c561ae49ae7097a6b8d2d7a,
        type: 3}
      propertyPath: m_LocalRotation.y
      value: -0
      objectReference: {fileID: 0}
    - target: {fileID: 8718240272869314502, guid: 5036c9e76c561ae49ae7097a6b8d2d7a,
        type: 3}
      propertyPath: m_LocalRotation.z
      value: -0
      objectReference: {fileID: 0}
    - target: {fileID: 8718240272869314502, guid: 5036c9e76c561ae49ae7097a6b8d2d7a,
        type: 3}
      propertyPath: m_LocalRotation.w
      value: 1
      objectReference: {fileID: 0}
    - target: {fileID: 8718240272869314502, guid: 5036c9e76c561ae49ae7097a6b8d2d7a,
        type: 3}
      propertyPath: m_RootOrder
      value: 1
      objectReference: {fileID: 0}
    - target: {fileID: 8718240272869314502, guid: 5036c9e76c561ae49ae7097a6b8d2d7a,
        type: 3}
      propertyPath: m_LocalEulerAnglesHint.x
      value: 0
      objectReference: {fileID: 0}
    - target: {fileID: 8718240272869314502, guid: 5036c9e76c561ae49ae7097a6b8d2d7a,
        type: 3}
      propertyPath: m_LocalEulerAnglesHint.y
      value: 0
      objectReference: {fileID: 0}
    - target: {fileID: 8718240272869314502, guid: 5036c9e76c561ae49ae7097a6b8d2d7a,
        type: 3}
      propertyPath: m_LocalEulerAnglesHint.z
      value: 0
      objectReference: {fileID: 0}
    - target: {fileID: 8718240273795574392, guid: 5036c9e76c561ae49ae7097a6b8d2d7a,
        type: 3}
      propertyPath: m_LocalScale.x
      value: 0.9
      objectReference: {fileID: 0}
    - target: {fileID: 8718240273795574392, guid: 5036c9e76c561ae49ae7097a6b8d2d7a,
        type: 3}
      propertyPath: m_LocalScale.y
      value: 0.9
      objectReference: {fileID: 0}
    - target: {fileID: 4248656609890869170, guid: 5036c9e76c561ae49ae7097a6b8d2d7a,
        type: 3}
      propertyPath: m_IsActive
      value: 0
      objectReference: {fileID: 0}
    m_RemovedComponents: []
  m_SourcePrefab: {fileID: 100100000, guid: 5036c9e76c561ae49ae7097a6b8d2d7a, type: 3}
--- !u!4 &594764422770012789 stripped
Transform:
  m_CorrespondingSourceObject: {fileID: 8718240272869314502, guid: 5036c9e76c561ae49ae7097a6b8d2d7a,
    type: 3}
  m_PrefabInstance: {fileID: 8123489053906468275}
  m_PrefabAsset: {fileID: 0}
--- !u!1001 &8427225495035061403
PrefabInstance:
  m_ObjectHideFlags: 0
  serializedVersion: 2
  m_Modification:
    m_TransformParent: {fileID: 4551972304360292}
    m_Modifications:
    - target: {fileID: 1214162638093782, guid: 5b3590772f8076e448cfdbbee61c0c94, type: 3}
      propertyPath: m_Name
      value: MovingBlock (2)
      objectReference: {fileID: 0}
    - target: {fileID: 4731494455296472, guid: 5b3590772f8076e448cfdbbee61c0c94, type: 3}
      propertyPath: m_LocalPosition.x
      value: 35.4
      objectReference: {fileID: 0}
    - target: {fileID: 4731494455296472, guid: 5b3590772f8076e448cfdbbee61c0c94, type: 3}
      propertyPath: m_LocalPosition.y
      value: 5.1
      objectReference: {fileID: 0}
    - target: {fileID: 4731494455296472, guid: 5b3590772f8076e448cfdbbee61c0c94, type: 3}
      propertyPath: m_LocalPosition.z
      value: 0
      objectReference: {fileID: 0}
    - target: {fileID: 4731494455296472, guid: 5b3590772f8076e448cfdbbee61c0c94, type: 3}
      propertyPath: m_LocalRotation.x
      value: -0
      objectReference: {fileID: 0}
    - target: {fileID: 4731494455296472, guid: 5b3590772f8076e448cfdbbee61c0c94, type: 3}
      propertyPath: m_LocalRotation.y
      value: -0
      objectReference: {fileID: 0}
    - target: {fileID: 4731494455296472, guid: 5b3590772f8076e448cfdbbee61c0c94, type: 3}
      propertyPath: m_LocalRotation.z
      value: -0
      objectReference: {fileID: 0}
    - target: {fileID: 4731494455296472, guid: 5b3590772f8076e448cfdbbee61c0c94, type: 3}
      propertyPath: m_LocalRotation.w
      value: 1
      objectReference: {fileID: 0}
    - target: {fileID: 4731494455296472, guid: 5b3590772f8076e448cfdbbee61c0c94, type: 3}
      propertyPath: m_RootOrder
      value: 2
      objectReference: {fileID: 0}
    - target: {fileID: 4731494455296472, guid: 5b3590772f8076e448cfdbbee61c0c94, type: 3}
      propertyPath: m_LocalEulerAnglesHint.x
      value: 0
      objectReference: {fileID: 0}
    - target: {fileID: 4731494455296472, guid: 5b3590772f8076e448cfdbbee61c0c94, type: 3}
      propertyPath: m_LocalEulerAnglesHint.y
      value: 0
      objectReference: {fileID: 0}
    - target: {fileID: 4731494455296472, guid: 5b3590772f8076e448cfdbbee61c0c94, type: 3}
      propertyPath: m_LocalEulerAnglesHint.z
      value: 0
      objectReference: {fileID: 0}
    - target: {fileID: 4403225247367506, guid: 5b3590772f8076e448cfdbbee61c0c94, type: 3}
      propertyPath: m_LocalPosition.y
      value: -7.7
      objectReference: {fileID: 0}
    - target: {fileID: 9062822208647474394, guid: 5b3590772f8076e448cfdbbee61c0c94,
        type: 3}
      propertyPath: m_LocalScale.x
      value: 1.5
      objectReference: {fileID: 0}
    - target: {fileID: 114761444031487610, guid: 5b3590772f8076e448cfdbbee61c0c94,
        type: 3}
      propertyPath: speed
      value: 4.5
      objectReference: {fileID: 0}
    - target: {fileID: 114761444031487610, guid: 5b3590772f8076e448cfdbbee61c0c94,
        type: 3}
      propertyPath: fadeAfterHit
      value: 1
      objectReference: {fileID: 0}
    m_RemovedComponents: []
  m_SourcePrefab: {fileID: 100100000, guid: 5b3590772f8076e448cfdbbee61c0c94, type: 3}
--- !u!4 &8422658968336065859 stripped
Transform:
  m_CorrespondingSourceObject: {fileID: 4731494455296472, guid: 5b3590772f8076e448cfdbbee61c0c94,
    type: 3}
  m_PrefabInstance: {fileID: 8427225495035061403}
  m_PrefabAsset: {fileID: 0}
