%YAML 1.1
%TAG !u! tag:unity3d.com,2011:
--- !u!1 &1482028225466324
GameObject:
  m_ObjectHideFlags: 0
  m_CorrespondingSourceObject: {fileID: 0}
  m_PrefabInstance: {fileID: 0}
  m_PrefabAsset: {fileID: 0}
  serializedVersion: 6
  m_Component:
  - component: {fileID: 4122285975972056}
  m_Layer: 0
  m_Name: Blocks
  m_TagString: Untagged
  m_Icon: {fileID: 0}
  m_NavMeshLayer: 0
  m_StaticEditorFlags: 0
  m_IsActive: 1
--- !u!4 &4122285975972056
Transform:
  m_ObjectHideFlags: 0
  m_CorrespondingSourceObject: {fileID: 0}
  m_PrefabInstance: {fileID: 0}
  m_PrefabAsset: {fileID: 0}
  m_GameObject: {fileID: 1482028225466324}
  m_LocalRotation: {x: 0, y: 0, z: 0, w: 1}
  m_LocalPosition: {x: 0, y: 0, z: 0}
  m_LocalScale: {x: 1, y: 1, z: 1}
  m_ConstrainProportionsScale: 0
  m_Children:
  - {fileID: 3086959015094096372}
  - {fileID: 6819166425339945637}
  - {fileID: 7543150234802683335}
  - {fileID: 1316608409422542246}
  - {fileID: 6169122876800114327}
  - {fileID: 3518225696904185381}
  - {fileID: 4158551652658926822}
  - {fileID: 205450718054548325}
  - {fileID: 4161433209485399784}
  - {fileID: 2889702248390503453}
  m_Father: {fileID: 4208338384755452}
  m_RootOrder: 0
  m_LocalEulerAnglesHint: {x: 0, y: 0, z: 0}
--- !u!1 &1950134118822568
GameObject:
  m_ObjectHideFlags: 0
  m_CorrespondingSourceObject: {fileID: 0}
  m_PrefabInstance: {fileID: 0}
  m_PrefabAsset: {fileID: 0}
  serializedVersion: 6
  m_Component:
  - component: {fileID: 4208338384755452}
  - component: {fileID: 114982418249053480}
  m_Layer: 0
  m_Name: Level3_3
  m_TagString: Untagged
  m_Icon: {fileID: 0}
  m_NavMeshLayer: 0
  m_StaticEditorFlags: 0
  m_IsActive: 1
--- !u!4 &4208338384755452
Transform:
  m_ObjectHideFlags: 0
  m_CorrespondingSourceObject: {fileID: 0}
  m_PrefabInstance: {fileID: 0}
  m_PrefabAsset: {fileID: 0}
  m_GameObject: {fileID: 1950134118822568}
  m_LocalRotation: {x: 0, y: 0, z: 0, w: 1}
  m_LocalPosition: {x: 20, y: 0, z: 0}
  m_LocalScale: {x: 1, y: 1, z: 1}
  m_ConstrainProportionsScale: 0
  m_Children:
  - {fileID: 4122285975972056}
  - {fileID: 2590848573671019021}
  m_Father: {fileID: 0}
  m_RootOrder: 0
  m_LocalEulerAnglesHint: {x: 0, y: 0, z: 0}
--- !u!114 &114982418249053480
MonoBehaviour:
  m_ObjectHideFlags: 0
  m_CorrespondingSourceObject: {fileID: 0}
  m_PrefabInstance: {fileID: 0}
  m_PrefabAsset: {fileID: 0}
  m_GameObject: {fileID: 1950134118822568}
  m_Enabled: 1
  m_EditorHideFlags: 0
  m_Script: {fileID: 11500000, guid: 29f7adea44f768b41a14032f50a3d1fc, type: 3}
  m_Name: 
  m_EditorClassIdentifier: 
  _transform: {fileID: 0}
  blocksGroup: {fileID: 4122285975972056}
  trapsGroup: {fileID: 0}
  foodGroup: {fileID: 0}
  foodNum: 0
--- !u!1001 &200615182446633731
PrefabInstance:
  m_ObjectHideFlags: 0
  serializedVersion: 2
  m_Modification:
    serializedVersion: 3
    m_TransformParent: {fileID: 4122285975972056}
    m_Modifications:
    - target: {fileID: 1485244063864546, guid: 093d95d5ada1e404fa2e665e45b3c692, type: 3}
      propertyPath: m_Name
      value: Block (7)
      objectReference: {fileID: 0}
    - target: {fileID: 4875392971546726, guid: 093d95d5ada1e404fa2e665e45b3c692, type: 3}
      propertyPath: m_RootOrder
      value: 6
      objectReference: {fileID: 0}
    - target: {fileID: 4875392971546726, guid: 093d95d5ada1e404fa2e665e45b3c692, type: 3}
      propertyPath: m_LocalPosition.x
      value: 31.54
      objectReference: {fileID: 0}
    - target: {fileID: 4875392971546726, guid: 093d95d5ada1e404fa2e665e45b3c692, type: 3}
      propertyPath: m_LocalPosition.y
      value: -2.58
      objectReference: {fileID: 0}
    - target: {fileID: 4875392971546726, guid: 093d95d5ada1e404fa2e665e45b3c692, type: 3}
      propertyPath: m_LocalPosition.z
      value: 0
      objectReference: {fileID: 0}
    - target: {fileID: 4875392971546726, guid: 093d95d5ada1e404fa2e665e45b3c692, type: 3}
      propertyPath: m_LocalRotation.w
      value: 1
      objectReference: {fileID: 0}
    - target: {fileID: 4875392971546726, guid: 093d95d5ada1e404fa2e665e45b3c692, type: 3}
      propertyPath: m_LocalRotation.x
      value: -0
      objectReference: {fileID: 0}
    - target: {fileID: 4875392971546726, guid: 093d95d5ada1e404fa2e665e45b3c692, type: 3}
      propertyPath: m_LocalRotation.y
      value: -0
      objectReference: {fileID: 0}
    - target: {fileID: 4875392971546726, guid: 093d95d5ada1e404fa2e665e45b3c692, type: 3}
      propertyPath: m_LocalRotation.z
      value: -0
      objectReference: {fileID: 0}
    - target: {fileID: 4875392971546726, guid: 093d95d5ada1e404fa2e665e45b3c692, type: 3}
      propertyPath: m_LocalEulerAnglesHint.x
      value: 0
      objectReference: {fileID: 0}
    - target: {fileID: 4875392971546726, guid: 093d95d5ada1e404fa2e665e45b3c692, type: 3}
      propertyPath: m_LocalEulerAnglesHint.y
      value: 0
      objectReference: {fileID: 0}
    - target: {fileID: 4875392971546726, guid: 093d95d5ada1e404fa2e665e45b3c692, type: 3}
      propertyPath: m_LocalEulerAnglesHint.z
      value: 0
      objectReference: {fileID: 0}
    - target: {fileID: 114315653027167586, guid: 093d95d5ada1e404fa2e665e45b3c692,
        type: 3}
      propertyPath: fadeAfterHit
      value: 0
      objectReference: {fileID: 0}
    - target: {fileID: 3013195103163533777, guid: 093d95d5ada1e404fa2e665e45b3c692,
        type: 3}
      propertyPath: m_LocalScale.x
      value: 1.3
      objectReference: {fileID: 0}
    m_RemovedComponents: []
    m_RemovedGameObjects: []
    m_AddedGameObjects: []
    m_AddedComponents: []
  m_SourcePrefab: {fileID: 100100000, guid: 093d95d5ada1e404fa2e665e45b3c692, type: 3}
--- !u!4 &205450718054548325 stripped
Transform:
  m_CorrespondingSourceObject: {fileID: 4875392971546726, guid: 093d95d5ada1e404fa2e665e45b3c692,
    type: 3}
  m_PrefabInstance: {fileID: 200615182446633731}
  m_PrefabAsset: {fileID: 0}
--- !u!1001 &273516460618004316
PrefabInstance:
  m_ObjectHideFlags: 0
  serializedVersion: 2
  m_Modification:
    serializedVersion: 3
    m_TransformParent: {fileID: 4208338384755452}
    m_Modifications:
    - target: {fileID: 2320551842207795533, guid: 76916d4175c432e46800cce8299bfa6a,
        type: 3}
      propertyPath: m_Name
      value: EndPoint
      objectReference: {fileID: 0}
    - target: {fileID: 2323631769857205585, guid: 76916d4175c432e46800cce8299bfa6a,
        type: 3}
      propertyPath: m_RootOrder
      value: 2
      objectReference: {fileID: 0}
    - target: {fileID: 2323631769857205585, guid: 76916d4175c432e46800cce8299bfa6a,
        type: 3}
      propertyPath: m_LocalPosition.x
      value: 40
      objectReference: {fileID: 0}
    - target: {fileID: 2323631769857205585, guid: 76916d4175c432e46800cce8299bfa6a,
        type: 3}
      propertyPath: m_LocalPosition.y
      value: 0
      objectReference: {fileID: 0}
    - target: {fileID: 2323631769857205585, guid: 76916d4175c432e46800cce8299bfa6a,
        type: 3}
      propertyPath: m_LocalPosition.z
      value: 0
      objectReference: {fileID: 0}
    - target: {fileID: 2323631769857205585, guid: 76916d4175c432e46800cce8299bfa6a,
        type: 3}
      propertyPath: m_LocalRotation.w
      value: 1
      objectReference: {fileID: 0}
    - target: {fileID: 2323631769857205585, guid: 76916d4175c432e46800cce8299bfa6a,
        type: 3}
      propertyPath: m_LocalRotation.x
      value: 0
      objectReference: {fileID: 0}
    - target: {fileID: 2323631769857205585, guid: 76916d4175c432e46800cce8299bfa6a,
        type: 3}
      propertyPath: m_LocalRotation.y
      value: 0
      objectReference: {fileID: 0}
    - target: {fileID: 2323631769857205585, guid: 76916d4175c432e46800cce8299bfa6a,
        type: 3}
      propertyPath: m_LocalRotation.z
      value: 0
      objectReference: {fileID: 0}
    - target: {fileID: 2323631769857205585, guid: 76916d4175c432e46800cce8299bfa6a,
        type: 3}
      propertyPath: m_LocalEulerAnglesHint.x
      value: 0
      objectReference: {fileID: 0}
    - target: {fileID: 2323631769857205585, guid: 76916d4175c432e46800cce8299bfa6a,
        type: 3}
      propertyPath: m_LocalEulerAnglesHint.y
      value: 0
      objectReference: {fileID: 0}
    - target: {fileID: 2323631769857205585, guid: 76916d4175c432e46800cce8299bfa6a,
        type: 3}
      propertyPath: m_LocalEulerAnglesHint.z
      value: 0
      objectReference: {fileID: 0}
    m_RemovedComponents: []
    m_RemovedGameObjects: []
    m_AddedGameObjects: []
    m_AddedComponents: []
  m_SourcePrefab: {fileID: 100100000, guid: 76916d4175c432e46800cce8299bfa6a, type: 3}
--- !u!4 &2590848573671019021 stripped
Transform:
  m_CorrespondingSourceObject: {fileID: 2323631769857205585, guid: 76916d4175c432e46800cce8299bfa6a,
    type: 3}
  m_PrefabInstance: {fileID: 273516460618004316}
  m_PrefabAsset: {fileID: 0}
--- !u!1001 &1320920814787859904
PrefabInstance:
  m_ObjectHideFlags: 0
  serializedVersion: 2
  m_Modification:
    serializedVersion: 3
    m_TransformParent: {fileID: 4122285975972056}
    m_Modifications:
    - target: {fileID: 1485244063864546, guid: 093d95d5ada1e404fa2e665e45b3c692, type: 3}
      propertyPath: m_Name
      value: Block (3)
      objectReference: {fileID: 0}
    - target: {fileID: 4875392971546726, guid: 093d95d5ada1e404fa2e665e45b3c692, type: 3}
      propertyPath: m_RootOrder
      value: 3
      objectReference: {fileID: 0}
    - target: {fileID: 4875392971546726, guid: 093d95d5ada1e404fa2e665e45b3c692, type: 3}
      propertyPath: m_LocalPosition.x
      value: 15.650002
      objectReference: {fileID: 0}
    - target: {fileID: 4875392971546726, guid: 093d95d5ada1e404fa2e665e45b3c692, type: 3}
      propertyPath: m_LocalPosition.y
      value: -0.04
      objectReference: {fileID: 0}
    - target: {fileID: 4875392971546726, guid: 093d95d5ada1e404fa2e665e45b3c692, type: 3}
      propertyPath: m_LocalPosition.z
      value: 0
      objectReference: {fileID: 0}
    - target: {fileID: 4875392971546726, guid: 093d95d5ada1e404fa2e665e45b3c692, type: 3}
      propertyPath: m_LocalRotation.w
      value: 1
      objectReference: {fileID: 0}
    - target: {fileID: 4875392971546726, guid: 093d95d5ada1e404fa2e665e45b3c692, type: 3}
      propertyPath: m_LocalRotation.x
      value: -0
      objectReference: {fileID: 0}
    - target: {fileID: 4875392971546726, guid: 093d95d5ada1e404fa2e665e45b3c692, type: 3}
      propertyPath: m_LocalRotation.y
      value: -0
      objectReference: {fileID: 0}
    - target: {fileID: 4875392971546726, guid: 093d95d5ada1e404fa2e665e45b3c692, type: 3}
      propertyPath: m_LocalRotation.z
      value: -0
      objectReference: {fileID: 0}
    - target: {fileID: 4875392971546726, guid: 093d95d5ada1e404fa2e665e45b3c692, type: 3}
      propertyPath: m_LocalEulerAnglesHint.x
      value: 0
      objectReference: {fileID: 0}
    - target: {fileID: 4875392971546726, guid: 093d95d5ada1e404fa2e665e45b3c692, type: 3}
      propertyPath: m_LocalEulerAnglesHint.y
      value: 0
      objectReference: {fileID: 0}
    - target: {fileID: 4875392971546726, guid: 093d95d5ada1e404fa2e665e45b3c692, type: 3}
      propertyPath: m_LocalEulerAnglesHint.z
      value: 0
      objectReference: {fileID: 0}
    - target: {fileID: 3013195103163533777, guid: 093d95d5ada1e404fa2e665e45b3c692,
        type: 3}
      propertyPath: m_LocalScale.x
      value: 1.4
      objectReference: {fileID: 0}
    m_RemovedComponents: []
    m_RemovedGameObjects: []
    m_AddedGameObjects: []
    m_AddedComponents: []
  m_SourcePrefab: {fileID: 100100000, guid: 093d95d5ada1e404fa2e665e45b3c692, type: 3}
--- !u!4 &1316608409422542246 stripped
Transform:
  m_CorrespondingSourceObject: {fileID: 4875392971546726, guid: 093d95d5ada1e404fa2e665e45b3c692,
    type: 3}
  m_PrefabInstance: {fileID: 1320920814787859904}
  m_PrefabAsset: {fileID: 0}
--- !u!1001 &2885429426512923771
PrefabInstance:
  m_ObjectHideFlags: 0
  serializedVersion: 2
  m_Modification:
    serializedVersion: 3
    m_TransformParent: {fileID: 4122285975972056}
    m_Modifications:
    - target: {fileID: 1485244063864546, guid: 093d95d5ada1e404fa2e665e45b3c692, type: 3}
      propertyPath: m_Name
      value: Block (9)
      objectReference: {fileID: 0}
    - target: {fileID: 4875392971546726, guid: 093d95d5ada1e404fa2e665e45b3c692, type: 3}
      propertyPath: m_RootOrder
      value: 3
      objectReference: {fileID: 0}
    - target: {fileID: 4875392971546726, guid: 093d95d5ada1e404fa2e665e45b3c692, type: 3}
      propertyPath: m_LocalPosition.x
      value: 32.8
      objectReference: {fileID: 0}
    - target: {fileID: 4875392971546726, guid: 093d95d5ada1e404fa2e665e45b3c692, type: 3}
      propertyPath: m_LocalPosition.y
      value: 4.06
      objectReference: {fileID: 0}
    - target: {fileID: 4875392971546726, guid: 093d95d5ada1e404fa2e665e45b3c692, type: 3}
      propertyPath: m_LocalPosition.z
      value: 0
      objectReference: {fileID: 0}
    - target: {fileID: 4875392971546726, guid: 093d95d5ada1e404fa2e665e45b3c692, type: 3}
      propertyPath: m_LocalRotation.w
      value: 1
      objectReference: {fileID: 0}
    - target: {fileID: 4875392971546726, guid: 093d95d5ada1e404fa2e665e45b3c692, type: 3}
      propertyPath: m_LocalRotation.x
      value: -0
      objectReference: {fileID: 0}
    - target: {fileID: 4875392971546726, guid: 093d95d5ada1e404fa2e665e45b3c692, type: 3}
      propertyPath: m_LocalRotation.y
      value: -0
      objectReference: {fileID: 0}
    - target: {fileID: 4875392971546726, guid: 093d95d5ada1e404fa2e665e45b3c692, type: 3}
      propertyPath: m_LocalRotation.z
      value: -0
      objectReference: {fileID: 0}
    - target: {fileID: 4875392971546726, guid: 093d95d5ada1e404fa2e665e45b3c692, type: 3}
      propertyPath: m_LocalEulerAnglesHint.x
      value: 0
      objectReference: {fileID: 0}
    - target: {fileID: 4875392971546726, guid: 093d95d5ada1e404fa2e665e45b3c692, type: 3}
      propertyPath: m_LocalEulerAnglesHint.y
      value: 0
      objectReference: {fileID: 0}
    - target: {fileID: 4875392971546726, guid: 093d95d5ada1e404fa2e665e45b3c692, type: 3}
      propertyPath: m_LocalEulerAnglesHint.z
      value: 0
      objectReference: {fileID: 0}
    - target: {fileID: 114315653027167586, guid: 093d95d5ada1e404fa2e665e45b3c692,
        type: 3}
      propertyPath: fadeAfterHit
      value: 0
      objectReference: {fileID: 0}
    - target: {fileID: 3013195103163533777, guid: 093d95d5ada1e404fa2e665e45b3c692,
        type: 3}
      propertyPath: m_LocalScale.x
      value: 1.1
      objectReference: {fileID: 0}
    m_RemovedComponents: []
    m_RemovedGameObjects: []
    m_AddedGameObjects: []
    m_AddedComponents: []
  m_SourcePrefab: {fileID: 100100000, guid: 093d95d5ada1e404fa2e665e45b3c692, type: 3}
--- !u!4 &2889702248390503453 stripped
Transform:
  m_CorrespondingSourceObject: {fileID: 4875392971546726, guid: 093d95d5ada1e404fa2e665e45b3c692,
    type: 3}
  m_PrefabInstance: {fileID: 2885429426512923771}
  m_PrefabAsset: {fileID: 0}
--- !u!1001 &3082229036834501010
PrefabInstance:
  m_ObjectHideFlags: 0
  serializedVersion: 2
  m_Modification:
    serializedVersion: 3
    m_TransformParent: {fileID: 4122285975972056}
    m_Modifications:
    - target: {fileID: 1485244063864546, guid: 093d95d5ada1e404fa2e665e45b3c692, type: 3}
      propertyPath: m_Name
      value: Block
      objectReference: {fileID: 0}
    - target: {fileID: 4875392971546726, guid: 093d95d5ada1e404fa2e665e45b3c692, type: 3}
      propertyPath: m_RootOrder
      value: 0
      objectReference: {fileID: 0}
    - target: {fileID: 4875392971546726, guid: 093d95d5ada1e404fa2e665e45b3c692, type: 3}
      propertyPath: m_LocalPosition.x
      value: 1.45
      objectReference: {fileID: 0}
    - target: {fileID: 4875392971546726, guid: 093d95d5ada1e404fa2e665e45b3c692, type: 3}
      propertyPath: m_LocalPosition.y
      value: -0.45
      objectReference: {fileID: 0}
    - target: {fileID: 4875392971546726, guid: 093d95d5ada1e404fa2e665e45b3c692, type: 3}
      propertyPath: m_LocalPosition.z
      value: 0
      objectReference: {fileID: 0}
    - target: {fileID: 4875392971546726, guid: 093d95d5ada1e404fa2e665e45b3c692, type: 3}
      propertyPath: m_LocalRotation.w
      value: 1
      objectReference: {fileID: 0}
    - target: {fileID: 4875392971546726, guid: 093d95d5ada1e404fa2e665e45b3c692, type: 3}
      propertyPath: m_LocalRotation.x
      value: -0
      objectReference: {fileID: 0}
    - target: {fileID: 4875392971546726, guid: 093d95d5ada1e404fa2e665e45b3c692, type: 3}
      propertyPath: m_LocalRotation.y
      value: -0
      objectReference: {fileID: 0}
    - target: {fileID: 4875392971546726, guid: 093d95d5ada1e404fa2e665e45b3c692, type: 3}
      propertyPath: m_LocalRotation.z
      value: -0
      objectReference: {fileID: 0}
    - target: {fileID: 4875392971546726, guid: 093d95d5ada1e404fa2e665e45b3c692, type: 3}
      propertyPath: m_LocalEulerAnglesHint.x
      value: 0
      objectReference: {fileID: 0}
    - target: {fileID: 4875392971546726, guid: 093d95d5ada1e404fa2e665e45b3c692, type: 3}
      propertyPath: m_LocalEulerAnglesHint.y
      value: 0
      objectReference: {fileID: 0}
    - target: {fileID: 4875392971546726, guid: 093d95d5ada1e404fa2e665e45b3c692, type: 3}
      propertyPath: m_LocalEulerAnglesHint.z
      value: 0
      objectReference: {fileID: 0}
    - target: {fileID: 3013195103163533777, guid: 093d95d5ada1e404fa2e665e45b3c692,
        type: 3}
      propertyPath: m_LocalScale.x
      value: 1.2
      objectReference: {fileID: 0}
    m_RemovedComponents: []
    m_RemovedGameObjects: []
    m_AddedGameObjects: []
    m_AddedComponents: []
  m_SourcePrefab: {fileID: 100100000, guid: 093d95d5ada1e404fa2e665e45b3c692, type: 3}
--- !u!4 &3086959015094096372 stripped
Transform:
  m_CorrespondingSourceObject: {fileID: 4875392971546726, guid: 093d95d5ada1e404fa2e665e45b3c692,
    type: 3}
  m_PrefabInstance: {fileID: 3082229036834501010}
  m_PrefabAsset: {fileID: 0}
--- !u!1001 &3513491079004792387
PrefabInstance:
  m_ObjectHideFlags: 0
  serializedVersion: 2
  m_Modification:
    serializedVersion: 3
    m_TransformParent: {fileID: 4122285975972056}
    m_Modifications:
    - target: {fileID: 1485244063864546, guid: 093d95d5ada1e404fa2e665e45b3c692, type: 3}
      propertyPath: m_Name
      value: Block (5)
      objectReference: {fileID: 0}
    - target: {fileID: 4875392971546726, guid: 093d95d5ada1e404fa2e665e45b3c692, type: 3}
      propertyPath: m_RootOrder
      value: 5
      objectReference: {fileID: 0}
    - target: {fileID: 4875392971546726, guid: 093d95d5ada1e404fa2e665e45b3c692, type: 3}
      propertyPath: m_LocalPosition.x
      value: 15.69
      objectReference: {fileID: 0}
    - target: {fileID: 4875392971546726, guid: 093d95d5ada1e404fa2e665e45b3c692, type: 3}
      propertyPath: m_LocalPosition.y
      value: -6.35
      objectReference: {fileID: 0}
    - target: {fileID: 4875392971546726, guid: 093d95d5ada1e404fa2e665e45b3c692, type: 3}
      propertyPath: m_LocalPosition.z
      value: 0
      objectReference: {fileID: 0}
    - target: {fileID: 4875392971546726, guid: 093d95d5ada1e404fa2e665e45b3c692, type: 3}
      propertyPath: m_LocalRotation.w
      value: 1
      objectReference: {fileID: 0}
    - target: {fileID: 4875392971546726, guid: 093d95d5ada1e404fa2e665e45b3c692, type: 3}
      propertyPath: m_LocalRotation.x
      value: -0
      objectReference: {fileID: 0}
    - target: {fileID: 4875392971546726, guid: 093d95d5ada1e404fa2e665e45b3c692, type: 3}
      propertyPath: m_LocalRotation.y
      value: -0
      objectReference: {fileID: 0}
    - target: {fileID: 4875392971546726, guid: 093d95d5ada1e404fa2e665e45b3c692, type: 3}
      propertyPath: m_LocalRotation.z
      value: -0
      objectReference: {fileID: 0}
    - target: {fileID: 4875392971546726, guid: 093d95d5ada1e404fa2e665e45b3c692, type: 3}
      propertyPath: m_LocalEulerAnglesHint.x
      value: 0
      objectReference: {fileID: 0}
    - target: {fileID: 4875392971546726, guid: 093d95d5ada1e404fa2e665e45b3c692, type: 3}
      propertyPath: m_LocalEulerAnglesHint.y
      value: 0
      objectReference: {fileID: 0}
    - target: {fileID: 4875392971546726, guid: 093d95d5ada1e404fa2e665e45b3c692, type: 3}
      propertyPath: m_LocalEulerAnglesHint.z
      value: 0
      objectReference: {fileID: 0}
    - target: {fileID: 114315653027167586, guid: 093d95d5ada1e404fa2e665e45b3c692,
        type: 3}
      propertyPath: fadeAfterHit
      value: 0
      objectReference: {fileID: 0}
    m_RemovedComponents: []
    m_RemovedGameObjects: []
    m_AddedGameObjects: []
    m_AddedComponents: []
  m_SourcePrefab: {fileID: 100100000, guid: 093d95d5ada1e404fa2e665e45b3c692, type: 3}
--- !u!4 &3518225696904185381 stripped
Transform:
  m_CorrespondingSourceObject: {fileID: 4875392971546726, guid: 093d95d5ada1e404fa2e665e45b3c692,
    type: 3}
  m_PrefabInstance: {fileID: 3513491079004792387}
  m_PrefabAsset: {fileID: 0}
--- !u!1001 &4154419563979404416
PrefabInstance:
  m_ObjectHideFlags: 0
  serializedVersion: 2
  m_Modification:
    serializedVersion: 3
    m_TransformParent: {fileID: 4122285975972056}
    m_Modifications:
    - target: {fileID: 1485244063864546, guid: 093d95d5ada1e404fa2e665e45b3c692, type: 3}
      propertyPath: m_Name
      value: Block (6)
      objectReference: {fileID: 0}
    - target: {fileID: 4875392971546726, guid: 093d95d5ada1e404fa2e665e45b3c692, type: 3}
      propertyPath: m_RootOrder
      value: 6
      objectReference: {fileID: 0}
    - target: {fileID: 4875392971546726, guid: 093d95d5ada1e404fa2e665e45b3c692, type: 3}
      propertyPath: m_LocalPosition.x
      value: 22.93
      objectReference: {fileID: 0}
    - target: {fileID: 4875392971546726, guid: 093d95d5ada1e404fa2e665e45b3c692, type: 3}
      propertyPath: m_LocalPosition.y
      value: -5.19
      objectReference: {fileID: 0}
    - target: {fileID: 4875392971546726, guid: 093d95d5ada1e404fa2e665e45b3c692, type: 3}
      propertyPath: m_LocalPosition.z
      value: 0
      objectReference: {fileID: 0}
    - target: {fileID: 4875392971546726, guid: 093d95d5ada1e404fa2e665e45b3c692, type: 3}
      propertyPath: m_LocalRotation.w
      value: 1
      objectReference: {fileID: 0}
    - target: {fileID: 4875392971546726, guid: 093d95d5ada1e404fa2e665e45b3c692, type: 3}
      propertyPath: m_LocalRotation.x
      value: -0
      objectReference: {fileID: 0}
    - target: {fileID: 4875392971546726, guid: 093d95d5ada1e404fa2e665e45b3c692, type: 3}
      propertyPath: m_LocalRotation.y
      value: -0
      objectReference: {fileID: 0}
    - target: {fileID: 4875392971546726, guid: 093d95d5ada1e404fa2e665e45b3c692, type: 3}
      propertyPath: m_LocalRotation.z
      value: -0
      objectReference: {fileID: 0}
    - target: {fileID: 4875392971546726, guid: 093d95d5ada1e404fa2e665e45b3c692, type: 3}
      propertyPath: m_LocalEulerAnglesHint.x
      value: 0
      objectReference: {fileID: 0}
    - target: {fileID: 4875392971546726, guid: 093d95d5ada1e404fa2e665e45b3c692, type: 3}
      propertyPath: m_LocalEulerAnglesHint.y
      value: 0
      objectReference: {fileID: 0}
    - target: {fileID: 4875392971546726, guid: 093d95d5ada1e404fa2e665e45b3c692, type: 3}
      propertyPath: m_LocalEulerAnglesHint.z
      value: 0
      objectReference: {fileID: 0}
    - target: {fileID: 3013195103163533777, guid: 093d95d5ada1e404fa2e665e45b3c692,
        type: 3}
      propertyPath: m_LocalScale.x
      value: 1.4
      objectReference: {fileID: 0}
    m_RemovedComponents: []
    m_RemovedGameObjects: []
    m_AddedGameObjects: []
    m_AddedComponents: []
  m_SourcePrefab: {fileID: 100100000, guid: 093d95d5ada1e404fa2e665e45b3c692, type: 3}
--- !u!4 &4158551652658926822 stripped
Transform:
  m_CorrespondingSourceObject: {fileID: 4875392971546726, guid: 093d95d5ada1e404fa2e665e45b3c692,
    type: 3}
  m_PrefabInstance: {fileID: 4154419563979404416}
  m_PrefabAsset: {fileID: 0}
--- !u!1001 &4166167550290409102
PrefabInstance:
  m_ObjectHideFlags: 0
  serializedVersion: 2
  m_Modification:
    serializedVersion: 3
    m_TransformParent: {fileID: 4122285975972056}
    m_Modifications:
    - target: {fileID: 1485244063864546, guid: 093d95d5ada1e404fa2e665e45b3c692, type: 3}
      propertyPath: m_Name
      value: Block (8)
      objectReference: {fileID: 0}
    - target: {fileID: 4875392971546726, guid: 093d95d5ada1e404fa2e665e45b3c692, type: 3}
      propertyPath: m_RootOrder
      value: 3
      objectReference: {fileID: 0}
    - target: {fileID: 4875392971546726, guid: 093d95d5ada1e404fa2e665e45b3c692, type: 3}
      propertyPath: m_LocalPosition.x
      value: 24.2
      objectReference: {fileID: 0}
    - target: {fileID: 4875392971546726, guid: 093d95d5ada1e404fa2e665e45b3c692, type: 3}
      propertyPath: m_LocalPosition.y
      value: 3.1
      objectReference: {fileID: 0}
    - target: {fileID: 4875392971546726, guid: 093d95d5ada1e404fa2e665e45b3c692, type: 3}
      propertyPath: m_LocalPosition.z
      value: 0
      objectReference: {fileID: 0}
    - target: {fileID: 4875392971546726, guid: 093d95d5ada1e404fa2e665e45b3c692, type: 3}
      propertyPath: m_LocalRotation.w
      value: 1
      objectReference: {fileID: 0}
    - target: {fileID: 4875392971546726, guid: 093d95d5ada1e404fa2e665e45b3c692, type: 3}
      propertyPath: m_LocalRotation.x
      value: -0
      objectReference: {fileID: 0}
    - target: {fileID: 4875392971546726, guid: 093d95d5ada1e404fa2e665e45b3c692, type: 3}
      propertyPath: m_LocalRotation.y
      value: -0
      objectReference: {fileID: 0}
    - target: {fileID: 4875392971546726, guid: 093d95d5ada1e404fa2e665e45b3c692, type: 3}
      propertyPath: m_LocalRotation.z
      value: -0
      objectReference: {fileID: 0}
    - target: {fileID: 4875392971546726, guid: 093d95d5ada1e404fa2e665e45b3c692, type: 3}
      propertyPath: m_LocalEulerAnglesHint.x
      value: 0
      objectReference: {fileID: 0}
    - target: {fileID: 4875392971546726, guid: 093d95d5ada1e404fa2e665e45b3c692, type: 3}
      propertyPath: m_LocalEulerAnglesHint.y
      value: 0
      objectReference: {fileID: 0}
    - target: {fileID: 4875392971546726, guid: 093d95d5ada1e404fa2e665e45b3c692, type: 3}
      propertyPath: m_LocalEulerAnglesHint.z
      value: 0
      objectReference: {fileID: 0}
    - target: {fileID: 3013195103163533777, guid: 093d95d5ada1e404fa2e665e45b3c692,
        type: 3}
      propertyPath: m_LocalScale.x
      value: 1.1
      objectReference: {fileID: 0}
    m_RemovedComponents: []
    m_RemovedGameObjects: []
    m_AddedGameObjects: []
    m_AddedComponents: []
  m_SourcePrefab: {fileID: 100100000, guid: 093d95d5ada1e404fa2e665e45b3c692, type: 3}
--- !u!4 &4161433209485399784 stripped
Transform:
  m_CorrespondingSourceObject: {fileID: 4875392971546726, guid: 093d95d5ada1e404fa2e665e45b3c692,
    type: 3}
  m_PrefabInstance: {fileID: 4166167550290409102}
  m_PrefabAsset: {fileID: 0}
--- !u!1001 &6164428119418453745
PrefabInstance:
  m_ObjectHideFlags: 0
  serializedVersion: 2
  m_Modification:
    serializedVersion: 3
    m_TransformParent: {fileID: 4122285975972056}
    m_Modifications:
    - target: {fileID: 1485244063864546, guid: 093d95d5ada1e404fa2e665e45b3c692, type: 3}
      propertyPath: m_Name
      value: Block (4)
      objectReference: {fileID: 0}
    - target: {fileID: 4875392971546726, guid: 093d95d5ada1e404fa2e665e45b3c692, type: 3}
      propertyPath: m_RootOrder
      value: 4
      objectReference: {fileID: 0}
    - target: {fileID: 4875392971546726, guid: 093d95d5ada1e404fa2e665e45b3c692, type: 3}
      propertyPath: m_LocalPosition.x
      value: 15.650002
      objectReference: {fileID: 0}
    - target: {fileID: 4875392971546726, guid: 093d95d5ada1e404fa2e665e45b3c692, type: 3}
      propertyPath: m_LocalPosition.y
      value: 6.47
      objectReference: {fileID: 0}
    - target: {fileID: 4875392971546726, guid: 093d95d5ada1e404fa2e665e45b3c692, type: 3}
      propertyPath: m_LocalPosition.z
      value: 0
      objectReference: {fileID: 0}
    - target: {fileID: 4875392971546726, guid: 093d95d5ada1e404fa2e665e45b3c692, type: 3}
      propertyPath: m_LocalRotation.w
      value: 1
      objectReference: {fileID: 0}
    - target: {fileID: 4875392971546726, guid: 093d95d5ada1e404fa2e665e45b3c692, type: 3}
      propertyPath: m_LocalRotation.x
      value: -0
      objectReference: {fileID: 0}
    - target: {fileID: 4875392971546726, guid: 093d95d5ada1e404fa2e665e45b3c692, type: 3}
      propertyPath: m_LocalRotation.y
      value: -0
      objectReference: {fileID: 0}
    - target: {fileID: 4875392971546726, guid: 093d95d5ada1e404fa2e665e45b3c692, type: 3}
      propertyPath: m_LocalRotation.z
      value: -0
      objectReference: {fileID: 0}
    - target: {fileID: 4875392971546726, guid: 093d95d5ada1e404fa2e665e45b3c692, type: 3}
      propertyPath: m_LocalEulerAnglesHint.x
      value: 0
      objectReference: {fileID: 0}
    - target: {fileID: 4875392971546726, guid: 093d95d5ada1e404fa2e665e45b3c692, type: 3}
      propertyPath: m_LocalEulerAnglesHint.y
      value: 0
      objectReference: {fileID: 0}
    - target: {fileID: 4875392971546726, guid: 093d95d5ada1e404fa2e665e45b3c692, type: 3}
      propertyPath: m_LocalEulerAnglesHint.z
      value: 0
      objectReference: {fileID: 0}
    - target: {fileID: 3013195103163533777, guid: 093d95d5ada1e404fa2e665e45b3c692,
        type: 3}
      propertyPath: m_LocalScale.x
      value: 1.3
      objectReference: {fileID: 0}
    m_RemovedComponents: []
    m_RemovedGameObjects: []
    m_AddedGameObjects: []
    m_AddedComponents: []
  m_SourcePrefab: {fileID: 100100000, guid: 093d95d5ada1e404fa2e665e45b3c692, type: 3}
--- !u!4 &6169122876800114327 stripped
Transform:
  m_CorrespondingSourceObject: {fileID: 4875392971546726, guid: 093d95d5ada1e404fa2e665e45b3c692,
    type: 3}
  m_PrefabInstance: {fileID: 6164428119418453745}
  m_PrefabAsset: {fileID: 0}
--- !u!1001 &6824037137799561923
PrefabInstance:
  m_ObjectHideFlags: 0
  serializedVersion: 2
  m_Modification:
    serializedVersion: 3
    m_TransformParent: {fileID: 4122285975972056}
    m_Modifications:
    - target: {fileID: 1485244063864546, guid: 093d95d5ada1e404fa2e665e45b3c692, type: 3}
      propertyPath: m_Name
      value: Block (1)
      objectReference: {fileID: 0}
    - target: {fileID: 4875392971546726, guid: 093d95d5ada1e404fa2e665e45b3c692, type: 3}
      propertyPath: m_RootOrder
      value: 1
      objectReference: {fileID: 0}
    - target: {fileID: 4875392971546726, guid: 093d95d5ada1e404fa2e665e45b3c692, type: 3}
      propertyPath: m_LocalPosition.x
      value: 9.45
      objectReference: {fileID: 0}
    - target: {fileID: 4875392971546726, guid: 093d95d5ada1e404fa2e665e45b3c692, type: 3}
      propertyPath: m_LocalPosition.y
      value: 3.18
      objectReference: {fileID: 0}
    - target: {fileID: 4875392971546726, guid: 093d95d5ada1e404fa2e665e45b3c692, type: 3}
      propertyPath: m_LocalPosition.z
      value: 0
      objectReference: {fileID: 0}
    - target: {fileID: 4875392971546726, guid: 093d95d5ada1e404fa2e665e45b3c692, type: 3}
      propertyPath: m_LocalRotation.w
      value: 1
      objectReference: {fileID: 0}
    - target: {fileID: 4875392971546726, guid: 093d95d5ada1e404fa2e665e45b3c692, type: 3}
      propertyPath: m_LocalRotation.x
      value: -0
      objectReference: {fileID: 0}
    - target: {fileID: 4875392971546726, guid: 093d95d5ada1e404fa2e665e45b3c692, type: 3}
      propertyPath: m_LocalRotation.y
      value: -0
      objectReference: {fileID: 0}
    - target: {fileID: 4875392971546726, guid: 093d95d5ada1e404fa2e665e45b3c692, type: 3}
      propertyPath: m_LocalRotation.z
      value: -0
      objectReference: {fileID: 0}
    - target: {fileID: 4875392971546726, guid: 093d95d5ada1e404fa2e665e45b3c692, type: 3}
      propertyPath: m_LocalEulerAnglesHint.x
      value: 0
      objectReference: {fileID: 0}
    - target: {fileID: 4875392971546726, guid: 093d95d5ada1e404fa2e665e45b3c692, type: 3}
      propertyPath: m_LocalEulerAnglesHint.y
      value: 0
      objectReference: {fileID: 0}
    - target: {fileID: 4875392971546726, guid: 093d95d5ada1e404fa2e665e45b3c692, type: 3}
      propertyPath: m_LocalEulerAnglesHint.z
      value: 0
      objectReference: {fileID: 0}
    m_RemovedComponents: []
    m_RemovedGameObjects: []
    m_AddedGameObjects: []
    m_AddedComponents: []
  m_SourcePrefab: {fileID: 100100000, guid: 093d95d5ada1e404fa2e665e45b3c692, type: 3}
--- !u!4 &6819166425339945637 stripped
Transform:
  m_CorrespondingSourceObject: {fileID: 4875392971546726, guid: 093d95d5ada1e404fa2e665e45b3c692,
    type: 3}
  m_PrefabInstance: {fileID: 6824037137799561923}
  m_PrefabAsset: {fileID: 0}
--- !u!1001 &7548020918340345249
PrefabInstance:
  m_ObjectHideFlags: 0
  serializedVersion: 2
  m_Modification:
    serializedVersion: 3
    m_TransformParent: {fileID: 4122285975972056}
    m_Modifications:
    - target: {fileID: 1485244063864546, guid: 093d95d5ada1e404fa2e665e45b3c692, type: 3}
      propertyPath: m_Name
      value: Block (2)
      objectReference: {fileID: 0}
    - target: {fileID: 4875392971546726, guid: 093d95d5ada1e404fa2e665e45b3c692, type: 3}
      propertyPath: m_RootOrder
      value: 2
      objectReference: {fileID: 0}
    - target: {fileID: 4875392971546726, guid: 093d95d5ada1e404fa2e665e45b3c692, type: 3}
      propertyPath: m_LocalPosition.x
      value: 7.9
      objectReference: {fileID: 0}
    - target: {fileID: 4875392971546726, guid: 093d95d5ada1e404fa2e665e45b3c692, type: 3}
      propertyPath: m_LocalPosition.y
      value: -4.5
      objectReference: {fileID: 0}
    - target: {fileID: 4875392971546726, guid: 093d95d5ada1e404fa2e665e45b3c692, type: 3}
      propertyPath: m_LocalPosition.z
      value: 0
      objectReference: {fileID: 0}
    - target: {fileID: 4875392971546726, guid: 093d95d5ada1e404fa2e665e45b3c692, type: 3}
      propertyPath: m_LocalRotation.w
      value: 1
      objectReference: {fileID: 0}
    - target: {fileID: 4875392971546726, guid: 093d95d5ada1e404fa2e665e45b3c692, type: 3}
      propertyPath: m_LocalRotation.x
      value: -0
      objectReference: {fileID: 0}
    - target: {fileID: 4875392971546726, guid: 093d95d5ada1e404fa2e665e45b3c692, type: 3}
      propertyPath: m_LocalRotation.y
      value: -0
      objectReference: {fileID: 0}
    - target: {fileID: 4875392971546726, guid: 093d95d5ada1e404fa2e665e45b3c692, type: 3}
      propertyPath: m_LocalRotation.z
      value: -0
      objectReference: {fileID: 0}
    - target: {fileID: 4875392971546726, guid: 093d95d5ada1e404fa2e665e45b3c692, type: 3}
      propertyPath: m_LocalEulerAnglesHint.x
      value: 0
      objectReference: {fileID: 0}
    - target: {fileID: 4875392971546726, guid: 093d95d5ada1e404fa2e665e45b3c692, type: 3}
      propertyPath: m_LocalEulerAnglesHint.y
      value: 0
      objectReference: {fileID: 0}
    - target: {fileID: 4875392971546726, guid: 093d95d5ada1e404fa2e665e45b3c692, type: 3}
      propertyPath: m_LocalEulerAnglesHint.z
      value: 0
      objectReference: {fileID: 0}
    m_RemovedComponents: []
    m_RemovedGameObjects: []
    m_AddedGameObjects: []
    m_AddedComponents: []
  m_SourcePrefab: {fileID: 100100000, guid: 093d95d5ada1e404fa2e665e45b3c692, type: 3}
--- !u!4 &7543150234802683335 stripped
Transform:
  m_CorrespondingSourceObject: {fileID: 4875392971546726, guid: 093d95d5ada1e404fa2e665e45b3c692,
    type: 3}
  m_PrefabInstance: {fileID: 7548020918340345249}
  m_PrefabAsset: {fileID: 0}
